2216 3432
286 184 337 226 66
679 188 704 221 Ι.
730 185 922 220 Absehnitt.
971 178 1390 222 Unionsverhandlungen
1415 177 1469 211 bis
1498 177 1598 212 1413.

285 298 427 340 vestra
458 292 685 336 convencio
717 303 811 332 cum
844 287 1016 330 domino
1049 283 1255 337 Gregorio
1294 295 1379 323 non
1418 283 1594 336 poterat
1624 280 1861 322 terminare
1893 279 2010 322 rein-

284 365 585 420 tegracionem‚
631 364 674 403 at
717 360 865 413 pocius
904 356 1093 398 medium
1131 354 1224 395 erat
1272 353 1391 394 aliud
1431 365 1457 393 a
1496 350 1595 393 fine.
1679 349 2011 403 Subiungebam

287 438 443 484 tamen,
478 433 592 486 quod
612 431 764 473 vellem
785 429 925 470 vestre
957 424 1160 467 nunciare
1193 421 1430 464 clemencie
1462 422 1629 473 modos,
1653 420 1727 474 qui
1750 420 2011 462 videbantur

287 505 457 547 domino
489 501 688 555 Gregorio
721 498 909 553 apciores
941 498 985 538 in
1018 493 1219 536 desiderii
1252 491 1478 545 equissimi
1517 493 1561 533 et
1593 490 1799 544 oportuni
1832 490 2010 532 conclu-

287 575 460 615 sionem.
522 572 701 612 Aiebam
743 581 927 620 namque
965 579 1032 607 me
1071 563 1231 613 videri,
1273 563 1417 603 videre
1455 563 1651 603 vestrum
1689 563 1927 614 utrumque
1964 558 2050 602 in5

286 645 399 686 idem
430 641 655 684 convenire
677 638 957 692 propositum,
980 634 1174 677 videlicet
1196 646 1293 675 vere
1325 632 1445 686 pacis
1469 633 1616 673 sancte
1640 630 1792 672 matris
1826 630 2010 673 ecclesie

285 716 326 754 et
355 712 495 753 totalis
527 711 658 752 divini
688 706 1038 760 reintegracionis
1075 704 1237 758 populi.
1307 703 1360 743 Et
1392 702 1493 755 quia
1532 702 1574 743 in
1618 702 1746 742 modo
1784 703 1827 742 et
1865 700 2010 743 medio

285 784 376 823 erat
422 779 683 830 differencia,
730 792 782 819 ne
828 779 998 829 tempus
1044 775 1311 816 infructuose
1359 772 1518 823 abiret,
1568 772 1773 825 rogabam
1820 773 2010 814 tractare

284 852 446 892 interea
484 851 535 891 de
574 849 677 900 hiis,
710 861 792 900 que
830 847 883 888 ad
914 845 1045 887 vestri
1078 843 1365 897 expediebant
1397 842 1736 883 convenciouem
1779 841 1824 883 in
1858 855 2008 884 unum.

287 921 392 961 Nam
414 920 481 960 vel
512 920 658 960 modos
690 915 983 969 acceptamus,
1014 927 1121 967 quos
1147 914 1199 954 de
1222 913 1443 954 voluntate
1477 912 1640 954 domini
1665 911 1862 965 Gregorii
1884 913 2010 954 vobis
2027 911 2081 952 10

290 989 649 1039 transmittebam,
687 988 727 1029 et
758 989 860 1028 tunc
892 984 1021 1026 nichil
1054 983 1260 1025 obfuisset
1298 983 1381 1024 ista
1414 984 1646 1034 tractasse,
1685 982 1751 1024 vel
1786 983 2011 1036 sapiencia

285 1062 425 1100 vestra
456 1058 587 1098 nollet
615 1056 748 1098 modis
788 1056 869 1097 illis
900 1056 1132 1109 procedere
1164 1056 1205 1095 et
1243 1053 1354 1094 veris
1391 1053 1725 1107 persuaderem
1758 1052 2010 1095 racionibus

285 1127 612 1170 convencionem
650 1126 886 1180 predictam
931 1125 1064 1166 cicius
1112 1123 1346 1177 utiliusque
1398 1124 1629 1165 allaturam
1682 1124 1913 1165 katolicam
1967 1126 2010 1166 et

286 1198 456 1239 totalem
495 1196 890 1249 reintegracionem,
933 1209 1061 1248 quam
1107 1195 1222 1236 omni
1270 1194 1439 1234 intentu
1483 1194 1707 1235 dominum
1752 1193 2009 1247 Gregorium

287 1266 597 1319 comperiebam
630 1267 797 1319 optare,
836 1269 878 1306 et
910 1266 970 1306 sic
1001 1265 1199 1305 dominus
1233 1264 1462 1316 Gregorius
1496 1267 1757 1318 acceptaret.
1823 1265 2010 1319 Propter
2030 1262 2079 1304 15

287 1337 413 1389 quod,
445 1336 479 1376 si
512 1337 562 1377 de
600 1336 723 1376 modo
755 1335 1035 1377 conveniendi
1075 1335 1119 1375 in
1159 1347 1292 1375 unum
1334 1334 1416 1375 isto
1454 1334 1718 1376 intermedio
1752 1335 2009 1377 conclusum

285 1405 454 1457 fuisset,
492 1406 695 1458 temporis
732 1406 877 1458 lapsus
916 1405 1089 1446 minime
1121 1405 1273 1446 fnisset
1306 1405 1467 1446 frustra
1506 1406 1693 1446 donatus
1726 1405 1822 1446 ocio
1855 1407 1899 1447 et
1930 1405 2009 1448 ad-

283 1475 565 1516 versariorum
596 1474 799 1516 caliditati
831 1474 1085 1528 providendi
1117 1475 1199 1516 sibi
1234 1475 1486 1517 remedium.

397 1545 553 1585 Iterum
585 1544 756 1597 quidem
788 1545 933 1597 petitis
964 1545 1148 1586 induciis
1181 1546 1353 1587 demum
1394 1546 1507 1587 nolle
1546 1545 1630 1587 alia
1662 1547 1852 1588 tractare
1886 1546 2008 1588 dixe-

287 1616 403 1665 runt,
443 1614 524 1654 nisi
556 1613 671 1655 iuxta
702 1615 927 1667 mandata,
967 1629 1049 1668 que
1081 1616 1336 1657 habuerant.
1401 1616 1536 1657 Peciit
1567 1619 1769 1670 preterea
1809 1617 2008 1670 prefatus
2024 1616 2081 1657 20

281 1684 533 1726 venerabilis
566 1685 760 1725 dominus
792 1685 1087 1726 Ferdinandus
1120 1686 1342 1727 licenciam
1377 1686 1650 1737 discedendi,
1683 1700 1770 1740 quo
1803 1687 2003 1740 quamvis

285 1753 469 1794 discessu
504 1767 587 1795 non
618 1767 770 1806 parum
801 1754 953 1796 fuerim
987 1757 1261 1807 ammiratus,
1296 1757 1398 1810 quia
1440 1759 1527 1798 tam
1572 1758 1738 1799 nudum
1773 1758 2004 1800 videbatur

281 1836 445 1864 sacrum
484 1824 726 1876 relinquere
764 1826 1013 1877 tractatum,
1051 1828 1195 1867 tamen
1242 1828 1420 1878 assensi,
1461 1829 1639 1869 uberius
1682 1829 1827 1882 ipsum
1867 1829 2004 1870 verba

280 1894 321 1934 et
356 1892 643 1934 intencionem
680 1894 888 1936 sinceram
929 1896 1090 1938 domini
1128 1898 1321 1951 Gregorii
1365 1900 1603 1941 relaturum
1642 1902 1826 1953 putans,
1870 1913 2003 1953 quam

282 1962 439 2004 calomo
470 1975 660 2015 possem,
699 1966 828 2017 atque
861 1967 1048 2007 ceterum
1081 1969 1236 2017 multa,
1270 1983 1352 2022 que
1386 1970 1635 2012 intencione
1668 1972 1785 2013 recta
1817 1971 2004 2013 circum·
2023 1967 2078 2010 25

280 2044 498 2084 spexeram
534 2044 659 2084 posse
699 2033 929 2087 proficere,
972 2038 1015 2078 et
1047 2050 1142 2078 cum
1182 2038 1287 2092 ipsis
1323 2040 1438 2081 laute
1477 2043 1781 2083 tractaveram.
1845 2041 2008 2096 Sicquo

282 2100 395 2141 abiit.
440 2101 492 2142 Et
513 2102 613 2154 quia
644 2104 776 2145 multa
798 2105 1043 2148 obiecerant
1072 2108 1373 2151 difficultatem
1408 2111 1509 2153 sacti
1541 2114 1583 2153 et
1615 2111 1723 2153 iuris
1746 2113 1958 2154 adversus
1971 2110 2008 2167 b)

281 2170 437 2222 modos,
470 2171 542 2223 qui
566 2172 735 2213 domino
767 2175 1025 2217 videbantur
1045 2178 1250 2231 Gregorio
1283 2181 1426 2233 utiles,
1460 2182 1559 2236 equi
1592 2185 1636 2224 et
1658 2182 1849 2234 honesti,
1881 2183 2008 2225 refel-

277 2239 432 2280 lentem
468 2254 534 2281 me
574 2255 672 2283 vero
710 2244 853 2285 multis
894 2246 1137 2290 raciouibus
1179 2251 1331 2293 adesse
1376 2252 1780 2306 impossibilitatem
1821 2253 1924 2296 sacti
1964 2255 2008 2296 et

279 2309 382 2350 iuris
427 2309 470 2350 in
511 2312 664 2363 modis,
712 2327 817 2366 quos
863 2318 1069 2369 proposui
1119 2333 1167 2361 ex
1208 2324 1329 2374 parte
1374 2323 1537 2365 domini
1576 2324 1771 2377 Gregorii
1819 2321 2080 2366 maxime30

278 2379 528 2421 auctoritate
573 2383 799 2425 assistente
845 2387 1000 2428 summi
1033 2389 1264 2442 pontificis,
1310 2396 1573 2446 rogaverunt
1615 2394 1660 2435 in
1704 2394 1882 2448 scriptis
1923 2394 2006 2437 sibi

277 2449 464 2490 exhiberi
495 2451 684 2493 raciones
716 2466 793 2506 per
823 2469 890 2496 me
923 2457 1056 2499 dictas
1089 2461 1130 2501 et
1162 2463 1297 2503 nostri
1331 2464 1546 2505 tractatus
1578 2464 1838 2519 responderi
1869 2465 2006 2508 racio-

277 2516 414 2570 nibus‚
445 2521 558 2571 quod
589 2524 801 2575 spopondi
840 2526 1023 2580 denique
1064 2531 1203 2572 solum
1235 2533 1382 2574 tamen
1416 2534 1460 2575 in
1493 2534 1598 2587 hiis,
1643 2549 1729 2589 que
1762 2535 2006 2589 respiciunt

276 2586 498 2630 intentum.

384 2658 436 2698 Et
467 2659 502 2699 si
531 2659 667 2714 impar
698 2664 851 2718 studio,
888 2655 1062 2721 ingenio
1095 2672 1137 2711 et
1169 2671 1357 2714 sciencia
1388 2676 1533 2717 vestre
1568 2676 1863 2719 dominacioni
1906 2677 2004 2729 sim,
2021 2674 2076 2715 35

275 2724 426 2768 fiducia
475 2729 606 2771 fretus
650 2732 784 2785 illius,
846 2737 919 2789 qui
974 2739 1045 2778 dat
1087 2740 1246 2782 verbum
1312 2746 1700 2799 ewanyelz'zantibus
1760 2749 1805 2788 in
1859 2748 2006 2789 virtute

278 2795 414 2846 multa,
427 2796 461 2850 1)
491 2812 637 2842 verum
669 2804 770 2845 dum
801 2809 1114 2859 premissorum
1145 2812 1353 2856 instarem
1386 2815 1581 2870 effectui,
1621 2817 1691 2860 cui
1725 2831 1814 2860 non
1846 2817 2001 2861 incau-

384 2959 413 2987 a)
432 2960 623 2990 persuadent
644 2964 676 2989 B.
747 2966 779 2999 b)
800 2967 955 2997 adversos
978 2972 1010 2997 B.

390 3014 416 3058 ¹)
442 3015 549 3050 Psalm
574 3019 617 3052 67
643 3033 660 3054 c·
690 3023 739 3057 12.
