2216 3432
264 156 350 202 384
584 166 646 203 111.
671 164 872 200 Absohuitt.
920 159 1194 210 Vorgeschiehte
1219 161 1280 197 des
1303 160 1527 198 Konstanzor
1549 158 1712 199 Konzils.

263 277 511 318 vestrorum
545 285 652 315 sano
684 271 867 313 consilio
900 269 1099 311 misimus
1120 268 1246 311 vobis
1268 268 1435 311 litteras
1453 268 1537 323 lige
1559 270 1602 311 et
1623 268 1800 311 unionis
1821 268 1869 311 in
1889 268 2031 313 forma

264 346 429 389 efficaci
457 345 696 395 contextas,
728 343 777 383 ut
804 341 1056 395 gravamina
1078 341 1121 382 et
1144 352 1274 381 omne
1295 339 1494 382 illicitum
1515 340 1775 382 alterutrum
1795 339 2031 383 videantur

263 417 514 471 displicere,
561 414 793 468 presertim
841 413 994 454 contra
1033 411 1281 453 Johannem
1315 410 1592 452 nominatum
1633 410 1791 453 ducem
1827 410 2029 466 Burgun-

265 488 346 538 die,
359 489 394 542 1)
430 499 563 540 quem
606 485 799 526 vestrum
846 482 1145 524 adversarium
1183 482 1227 522 et
1265 480 1472 523 rebellem
1511 481 1647 523 fuisse
1686 482 1730 523 et
1765 482 2030 536 parricidam

264 559 355 599 fore
377 570 456 611 per
478 556 630 597 crebra
652 555 814 607 scripta
836 555 982 595 vestra
1004 554 1047 593 et
1069 551 1196 593 nobis
1219 552 1262 593 et
1288 551 1370 592 toti
1392 553 1558 593 mundo
1580 551 1773 594 innotuit
1795 552 1918 608 [et]⁸)
1936 552 2029 595 fore
2043 551 2070 594 5

263 627 552 670 domesticum
584 625 818 666 inimicum.
883 623 919 664 Ο
952 635 1085 676 quam
1118 622 1249 663 debet
1281 634 1377 664 esse
1406 622 1692 675 detestabilis,
1724 635 1859 676 quam
1880 636 2030 666 amara

263 699 424 740 nedum
456 696 580 738 vobis
613 695 769 736 acerba
801 707 917 735 mors
951 694 1096 735 fratris
1128 693 1259 734 vestri
1293 694 1359 733 set
1390 694 1433 734 et
1465 693 1631 734 cunctis
1662 693 1819 735 vestris
1842 706 2028 736 consan-

261 769 430 822 guineis
463 769 505 808 et
537 766 684 807 amicis
718 764 895 806 horrida
926 764 1035 805 tanti
1065 764 1289 818 principis,
1321 763 1398 805 filii
1420 763 1623 805 videlicet
1645 765 1688 806 et
1710 763 1855 805 fratris
1877 777 2028 819 regum

262 839 456 887 Francie,
480 850 612 891 quam
644 836 770 889 quasi
803 834 958 876 diebus
991 835 1174 887 singulis
1208 834 1397 875 clamore
1429 834 1607 887 publico
1640 835 1696 876 ad
1728 836 1871 876 vestre
1903 835 2027 877 celsi-

262 909 427 950 tudinis
460 907 638 949 iniurias
672 907 715 946 in
749 918 923 946 omnem
961 907 1123 947 terram
1168 907 1257 946 tam
1298 904 1552 945 execrabilis
1589 905 1789 959 paricidii
1827 906 2027 960 perducit
2046 904 2100 947 10

262 981 440 1022 cunctos
480 977 762 1031 provocando
802 975 1037 1017 forisfactio
1078 977 1433 1029 presumptuosa,
1479 977 1574 1016 tum
1611 976 1715 1029 quia
1762 976 2027 1018 diuturnitas

261 1049 469 1103 temporis
509 1049 734 1101 peccatum
779 1060 859 1087 nec
902 1046 1158 1088 defensione
1206 1046 1349 1087 munit
1397 1043 1564 1101 [nec]¹')
1609 1046 1765 1087 minuit
1806 1048 1884 1089 sed
1921 1060 2027 1101 aug-

263 1120 447 1170 mentat,
493 1120 586 1159 tum
631 1118 733 1171 quia
778 1117 894 1158 orbis
941 1119 1248 1170 exstupescere
1286 1116 1577 1158 verisimiliter
1615 1116 1900 1159 arbitraretur
1938 1119 2026 1173 etc)

260 1190 367 1231 nulli
405 1189 513 1230 vicio
546 1188 771 1229 subiacere
803 1188 977 1237 debere,
1016 1200 1102 1241 que
1136 1201 1209 1228 rex
1240 1187 1350 1228 tanti
1384 1187 1573 1228 nominis
1604 1189 1815 1242 tanteque
1846 1201 2026 1242 magna-

260 1260 467 1302 nimitatis
491 1261 569 1309 et‘')
594 1258 788 1311 potentie
812 1258 940 1311 longo
964 1260 1161 1312 tempore
1183 1258 1432 1299 tollerando
1455 1272 1535 1300 nec
1557 1272 1769 1312 umquam
1791 1259 2025 1301 emendare
2042 1258 2096 1299 15

260 1344 455 1382 curasse,
504 1331 570 1370 set
607 1330 690 1370 sul)
729 1329 1076 1370 dissimulatione
1124 1329 1460 1370 conniventibus
1506 1329 1643 1371 oculis
1674 1328 2023 1385 pertransissed).

259 1402 313 1443 Et
358 1401 457 1442 ideo
505 1401 547 1441 in
595 1400 744 1440 odium
792 1399 901 1440 tanti
947 1399 1122 1440 sceleris
1164 1413 1188 1440 a
1230 1399 1378 1441 seculo
1426 1400 1610 1441 inauditi
1658 1400 2025 1453 preclarissimam

259 1472 437 1514 domum
488 1472 677 1511 vestram
731 1470 963 1511 inficientis
1016 1470 1143 1511 firma
1195 1471 1452 1512 credulitate
1503 1472 1705 1513 tenentes
1752 1471 1797 1512 in
1844 1471 1925 1513 hoc
1971 1484 2023 1514 eo

257 1542 505 1595 specialiuS,
538 1554 626 1594 quo
650 1540 953 1582 rationabilius
987 1541 1041 1582 ad
1074 1544 1264 1583 vestram
1298 1555 1534 1595 personam
1567 1541 1796 1592 afficimur,
1828 1541 1873 1582 in
1894 1542 2020 1597 hoc‘)

257 1612 481 1666 potissime
524 1611 856 1665 complacuisse,
895 1611 1067 1665 prefato
1107 1611 1298 1653 Johanni
1332 1611 1558 1653 nominato
1592 1610 1733 1666 duci‘)
1765 1611 2021 1666 Burgundie
2036 1610 2094 1652 20

257 1683 310 1723 ad
334 1682 465 1723 vestri
489 1681 847 1734 complacentiam
871 1683 913 1722 et
935 1682 1112 1723 sceleris
1137 1682 1296 1736 patrati
1315 1682 1619 1724 confusionem
1637 1683 1771 1724 verbo
1790 1684 1833 1724 et
1850 1682 2022 1736 scriptis

256 1753 561 1793 constituimus
595 1765 675 1792 nos
708 1753 752 1793 in
787 1754 955 1805 partem
979 1753 1267 1806 repugnantie
1291 1767 1342 1794 ex
1366 1753 1565 1805 adverso,
1598 1753 1800 1806 quamvis
1824 1753 2022 1795 nondum

256 1823 549 1876 processimus
597 1822 808 1862 adversus
857 1823 1001 1876 ipsum
1045 1823 1087 1864 in
1131 1826 1277 1865 actum
1320 1823 1636 1877 aggressivum:
1684 1837 1761 1866 vos
1807 1836 1926 1876 vero,
1973 1824 2022 1864 ut

254 1893 341 1934 fide
364 1893 493 1946 digna
525 1893 772 1946 accepimus
806 1893 1032 1946 relatione,
1065 1906 1165 1934 cum
1197 1894 1352 1935 eodem
1385 1894 1479 1935 sine
1512 1893 1622 1935 scitu
1655 1895 1807 1935 nostro
1840 1907 2021 1935 concor-

256 1962 452 2018 dastis,2)
502 1963 621 2016 quod
670 1964 820 2016 utique
869 1964 914 2005 in
954 1966 1155 2006 nostrum
1195 1978 1372 2018 vergere
1410 1964 1583 2006 videtur
1619 1964 1941 2018 displicentiam
1979 1959 2091 2006 et25

255 2035 533 2075 contemtum.
597 2034 896 2086 Considerate,
950 2034 1083 2076 frater
1134 2035 1370 2085 carissime,
1423 2034 1698 2076 considerate
1750 2034 1947 2076 enormia
1979 2035 2022 2076 et

253 2106 395 2145 motus
428 2104 679 2157 frequentes
712 2104 849 2157 ipsius
883 2105 1181 2159 multipliciter
1211 2106 1418 2157 variatos,
1451 2105 1495 2146 in
1527 2105 1690 2158 quibus
1723 2105 1852 2146 etiam
1875 2105 2020 2147 divine

253 2174 490 2215 maiestatis
523 2175 635 2215 oculi
669 2176 966 2226 offenduntur,
999 2189 1097 2217 cum
1130 2189 1208 2217 vos
1240 2179 1330 2218 tam
1353 2176 1621 2229 experientia
1644 2178 1771 2230 cogat
1793 2176 2020 2218 advertere

253 2256 384 2297 quam
416 2244 646 2285 familiaria
684 2246 814 2287 etiam
848 2246 1047 2300 exempla
1086 2246 1287 2300 ignorare
1326 2259 1416 2288 non
1448 2246 1608 2299 sinant,
1648 2258 1782 2300 quam
1812 2245 2019 2299 gravibus

367 2395 398 2429 a)
426 2396 692 2424 Wahracheinlich
721 2397 799 2424 stem
825 2398 886 2424 aaa
909 2398 1063 2432 amende
1089 2406 1132 2425 an
1158 2398 1345 2426 verkehrter
1364 2398 1465 2426 Stena.
1525 2398 1558 2432 b)
1579 2397 1665 2425 mat
1687 2398 1724 2431 B,
1751 2398 1890 2432 daqeqen
1910 2397 1959 2425 bei
1979 2396 2017 2425 ιε’
2033 2389 2090 2432 30

250 2442 316 2468 und
331 2443 389 2468 B·‘.
421 2443 449 2476 c)
465 2444 497 2469 et
510 2443 590 2476 fehlt
605 2445 664 2478 13‘;
677 2446 788 2477 epciter
803 2452 860 2471 nec
876 2446 923 2471 B‘.
961 2445 993 2478 d)
1008 2445 1047 2472 So
1063 2445 1126 2472 alle
1141 2446 1212 2472 drei
1225 2445 1473 2479 unvolletandiq.
1510 2445 1540 2479 e)
1554 2445 1594 2473 So
1608 2444 1805 2479 aberflileoiy.
1843 2445 1869 2479 s)
1884 2443 1967 2472 duce
1981 2445 2018 2472 13.

372 2502 397 2544 ¹)
426 2501 494 2535 Die
528 2501 637 2536 Stella
676 2503 787 2537 iecisse
823 2504 855 2537 in
891 2503 962 2537 B“.·
1001 2504 1065 2538 Per
1098 2515 1222 2539 manus
1257 2508 1433 2539 oratorum
1466 2532 1475 2541 .
1502 2530 1510 2539 .
1538 2530 1546 2538 .
1580 2505 1671 2550 regis
1699 2504 1910 2538 Francorum
1937 2532 1945 2540 .
1972 2532 1981 2541 .
2009 2532 2016 2540 .

250 2570 362 2603 nuper
392 2560 435 2593 ad
474 2564 630 2595 nostrum
667 2567 891 2606 conspectum
925 2563 1179 2598 destinatorum
1212 2574 1283 2598 non
1315 2563 1386 2597 alia
1417 2563 1460 2597 de
1493 2573 1599 2597 causa
1637 2563 1705 2597 nisi
1737 2573 1800 2607 pro
1838 2562 2017 2597 soliditate

250 2618 448 2652 sincerioris
481 2620 632 2653 amicitie
664 2624 699 2654 et
724 2620 851 2654 federis
883 2632 969 2656 sano
995 2623 1143 2657 consilio
1171 2623 1329 2656 misimus
1355 2622 1489 2656 litteras
1521 2622 1591 2667 lige
1616 2625 1652 2656 et
1675 2622 1818 2656 unionis
1844 2622 1882 2656 in
1906 2620 2018 2656 forma

249 2676 379 2710 efficaci
405 2681 596 2714 contextas,
648 2677 737 2712 Hier
764 2678 888 2714 kiinnte
915 2692 993 2714 man
1018 2692 1064 2714 an
1088 2680 1145 2715 die
1185 2679 1390 2727 thrachmye
1414 2679 1560 2723 denhem,
1597 2680 1653 2715 die
1680 2678 1886 2726 Siqiamund
1909 2678 2016 2714 Hein—
2031 2676 2086 2720 35

248 2735 325 2768 rich
362 2734 397 2769 V.
436 2735 629 2771 iibersandt
663 2736 733 2771 hat.
801 2737 1094 2773 Walersclaeinlich
1133 2740 1180 2774 a'st
1205 2739 1336 2785 judoch
1371 2739 1435 2774 das
1470 2738 1648 2774 Biindm'se
1683 2749 1753 2774 von
1794 2738 1902 2773 Trino
1938 2748 2017 2773 vom

246 2791 304 2827 25.
328 2792 414 2827 Junt'
435 2795 594 2839 yerneint.

367 2852 394 2895 ⁹)
426 2851 586 2888 Gemeint
608 2854 657 2888 ist
679 2854 743 2888 der
768 2853 1092 2903 Friedemvertraq
1121 2868 1200 2891 vom
1223 2856 1257 2894 4.
1285 2855 1494 2903 September
1520 2855 1624 2899 1414,
1654 2855 1719 2891 der
1749 2854 2015 2902 'acupentu-latich

247 2909 314 2954 aus
336 2909 508 2956 Drc‘inqen
531 2911 593 2946 des
621 2911 806 2959 Dauplu'm
833 2913 989 2960 Ludwa’y,
1014 2915 1075 2950 dee
1103 2914 1438 2962 Schwieyereohnen
1462 2914 1524 2950 deo
1550 2913 1715 2960 Herzoys
1739 2924 1809 2950 von
1834 2913 2014 2960 Βίαν-914141,

245 2978 292 3001 zu
309 2966 442 3003 Stande
460 2969 548 3004 kam.
595 2969 689 3005 Viele
714 2971 1002 3018 hervorraqende
1020 2971 1347 3009 Persffnlt'clakeiten
1369 2984 1493 3009 waren
1514 2972 1687 3019 daqeqem
1711 2983 1751 3008 σο
1772 2971 1830 3008 dte
1847 2971 2013 3019 Ησηόρο
2025 2973 2087 3018 40

245 3036 313 3059 von
338 3025 487 3062 Orleam
511 3027 583 3062 uod
605 3027 774 3063 Bourbon
796 3029 870 3064 und
890 3030 956 3065 der
978 3030 1204 3077 Erzbisclaof
1219 3042 1290 3067 von
1315 3030 1419 3067 Sem.
