2216 3432
441 133 480 172 0,
522 133 700 172 Benedikt
723 137 834 183 XIII„
861 142 1016 188 Spanien
1040 149 1113 183 und
1140 149 1201 185 das
1226 153 1444 192 Konstanzer
1468 159 1603 196 Konzil.
1645 164 1704 202 Nr.
1730 168 1784 204 95.
1904 161 1986 203 353

243 241 288 283 et
325 241 423 296 ipse
469 244 692 298 repperiet
738 247 901 291 dictum
947 253 1186 309 principem
1231 259 1465 315 benignum
1511 267 1591 309 sibi
1633 272 1674 311 et
1712 267 1992 319 favorabilem

243 312 300 354 ad
333 314 482 355 omnia
513 316 755 369 possibilia.

361 383 434 426 Ad
475 387 692 440 premissa
740 391 930 444 capitula
975 408 1053 448 per
1099 398 1322 442 dominum
1368 404 1568 448 abbatem
1608 409 1661 450 de
1701 411 1986 459 Ambroniaco

241 457 419 510 portata
450 457 513 499 sic
543 461 861 513 respondetur:

200 525 228 568 5
361 527 511 570 Primo
559 531 681 583 quod
728 532 931 576 dominus
978 538 1095 590 prior
1142 542 1277 583 sancti
1323 543 1544 587 Benedicti
1590 562 1676 590 non
1723 552 1839 594 dedit
1880 569 1987 597 onus

241 599 503 653 apperiendi
535 601 731 655 aliquam
762 604 877 646 viam
907 607 975 648 vel
1006 609 1098 650 vias
1130 624 1209 652 nec
1241 613 1345 654 dixit
1377 615 1624 669 simpliciter
1656 620 1773 663 fratri
1804 623 1986 667 Johanni

242 670 463 712 Placentis
504 685 551 713 se
589 673 701 715 velle
743 675 805 717 ire
847 676 902 718 ad
933 679 1093 721 terram
1125 681 1287 724 domini
1320 685 1524 739 principis
1563 702 1659 730 cum
1691 694 1987 736 securitatibus

241 743 321 784 etc.
354 743 405 784 ut
435 742 481 783 in
513 744 656 797 primo
690 747 882 800 capitulo
915 751 1171 792 continetur.
1225 754 1311 795 Sed
1335 756 1435 808 quia
1458 758 1595 799 dictus
1624 759 1752 802 frater
1772 762 1987 806 Johannes

241 814 468 856 asserebat
500 816 543 856 et
573 814 702 857 firma
732 817 938 872 habebat,
982 822 1100 874 quod
1139 823 1278 864 dictus
1319 826 1518 869 dominus
1551 830 1749 884 princeps
1782 836 1872 874 erat
1904 836 1988 876 dis-

173 884 413 939 10positus
455 886 666 929 reducere
709 901 755 930 se
803 890 858 931 ad
897 892 1209 947 obedienciam,
1254 909 1386 948 quam
1433 898 1663 953 dimiserat,
1710 903 1745 943 31
1789 905 1987 958 magister

239 956 542 1013 Vincenciusl)
565 958 610 1000 id
633 959 717 1000 sibi
739 962 985 1004 consuleret
1005 965 1137 1005 verbo
1160 965 1227 1006 vel
1251 967 1379 1008 etiam
1401 969 1579 1022 scripto:
1602 974 1829 1025 propterea
1851 975 1986 1016 dictus

240 1028 447 1071 dominus
480 1029 601 1083 prior
632 1032 772 1072 sancti
802 1031 1028 1075 Benedicti
1059 1037 1365 1089 respondendo
1398 1040 1550 1082 habuit
1581 1042 1720 1083 dicere
1751 1044 1794 1084 111
1824 1045 1988 1098 effectu,

240 1099 376 1153 quod,
419 1100 455 1141 si
488 1101 631 1143 dictus
675 1102 880 1146 dominus
922 1105 1124 1159 princeps
1165 1120 1211 1147 se
1243 1109 1467 1151 reduceret
1498 1111 1552 1152 ad
1584 1113 1876 1155 obedienciam
1908 1116 1990 1156 iam

241 1171 416 1225 dictam,
451 1172 630 1214 daretur
662 1173 804 1215 eidem
837 1176 1013 1217 domino
1036 1177 1169 1230 priori
1193 1191 1323 1219 causa
1345 1181 1387 1220 et
1409 1182 1589 1235 occasio,
1623 1185 1752 1236 quod,
1785 1186 1832 1237 si,
1865 1188 1991 1239 prout

172 1240 224 1283 15
240 1242 430 1296 affectat,
469 1244 654 1285 haberet
690 1245 753 1287 ire
790 1260 942 1287 versus
981 1249 1127 1301 partes
1166 1248 1260 1290 illas
1293 1263 1372 1303 pro
1403 1264 1509 1304 pace
1542 1253 1730 1306 ecclesie,
1771 1257 1914 1308 potius
1946 1271 1990 1297 30

240 1313 425 1355 situaret
456 1315 502 1356 in
532 1316 650 1357 terra
683 1316 786 1358 dicti
818 1317 983 1358 domini
1014 1319 1235 1372 principis,
1269 1320 1379 1362 sicut
1411 1322 1515 1363 alias
1549 1325 1765 1380 fecerat,2)
1798 1340 1926 1379 quam
1949 1327 1990 1367 111

238 1386 359 1427 terra
391 1386 572 1429 alterius
607 1388 920 1442 cuiuscunque.

358 1457 414 1499 Et
461 1459 545 1500 sub
593 1458 755 1500 fiducia
801 1460 1114 1513 premissorum
1161 1462 1215 1502 ad
1259 1464 1505 1515 requestam
1551 1464 1706 1505 factam
1752 1479 1829 1518 pro
1869 1468 1989 1519 parte

241 1528 408 1570 domini
450 1529 729 1583 imperatoris
767 1532 859 1572 tam
897 1532 1011 1573 dicto
1051 1533 1225 1573 domino
1267 1533 1400 1586 priori
1438 1547 1568 1586 quam
1609 1535 1790 1588 principi
1838 1537 1988 1577 harum

167 1598 486 1655 40parcium3)
536 1601 590 1643 de
631 1603 785 1643 mutua
829 1603 1122 1644 convencione
1167 1603 1363 1644 facienda
1408 1604 1452 1644 in
1494 1618 1580 1645 uno
1622 1606 1674 1646 de
1710 1606 1846 1647 tribus
1886 1607 1987 1647 locis

238 1671 372 1713 trium
414 1672 742 1729 dominorum&
790 1687 869 1727 pro
917 1675 1079 1715 unione
1126 1674 1302 1715 ecclesie
1347 1676 1649 1727 pertractanda
1696 1677 1832 1717 dictus
1873 1677 1988 1729 prior

239 1742 370 1797 elegit
409 1744 566 1797 pocius
604 1744 750 1785 locum
793 1745 908 1786 dicto
960 1746 1136 1787 domino
1177 1745 1360 1798 principi
1399 1745 1683 1800 subiectum5)
1730 1760 1859 1799 quam
1901 1747 1986 1787 duo

239 1814 325 1856 alia
371 1814 469 1856 loca
514 1815 755 1857 nominata.
818 1817 921 1858 Ideo
969 1817 1189 1871 rogabitur
1228 1817 1269 1857 et
1306 1815 1545 1868 requiretur
1585 1830 1680 1857 cum
1719 1818 1807 1858 Deo
1850 1817 1986 1857 dictus

239 1885 446 1928 dominus
493 1886 714 1941 princeps,
763 1888 883 1941 quod
930 1888 1278 1942 recognoscendo
1320 1886 1375 1939 id,
1424 1887 1710 1940 quod-debet
1752 1887 1986 1927 secundum

166 1955 222 1998 25
238 1957 395 2010 Deum,
442 1958 626 1999 reducat
672 1972 719 2000 se
759 1960 814 2001 ad
854 1959 1153 2015 obedienciam
1190 1959 1440 2012 predictam,
1488 1971 1537 1998 ex
1576 1971 1661 2010 quo
1708 1970 1783 2009 per
1830 1957 1986 1997 dictum

238 2028 499 2082 magistrum
537 2029 821 2072 Vincencium
862 2030 923 2071 sic
960 2030 1043 2071 fuit
1082 2029 1163 2071 sibi
1204 2030 1461 2077 consultum,
1507 2027 1607 2080 quia
1654 2028 1731 2068 hoc
1778 2026 1986 2079 premisso

238 2100 484 2142 secundum
527 2100 870 2154 disposicionem
909 2102 1182 2142 occurentem
1224 2100 1382 2153 poterit
1422 2097 1602 2139 faciliter
1643 2096 1826 2148 evenire,
1870 2096 1986 2148 quod

238 2170 533 2225 complebitur
563 2171 622 2224 id,
657 2172 777 2225 quod
809 2185 888 2225 per
919 2172 1083 2214 dictum
1115 2171 1338 2212 dominum
1370 2169 1555 2223 priorem
1588 2167 1668 2208 sibi
1700 2168 1780 2209 fuit
1809 2179 1985 2219 respon-

238 2255 350 2295 sum,
384 2243 434 2284 ut
464 2243 698 2296 prefertur.

166 2312 224 2354 30
355 2312 467 2355 Item
519 2313 622 2355 licet
673 2314 1009 2356 conciliabolum
1063 2311 1400 2354 Constanciense
1458 2322 1545 2351 uon
1595 2309 1752 2349 habeat
1802 2307 1984 2359 aliquam

237 2384 547 2426 auctoritatem
569 2385 640 2426 'ex
681 2386 807 2438 parte
849 2384 1188 2427 convocancium
1227 2395 1305 2423 nec
1343 2381 1555 2433 speretur,
1598 2379 1710 2432 quod
1751 2378 1794 2417 111
1833 2390 1882 2417 00
1912 2376 1985 2416 fiat

237 2453 405 2508 aliquid
427 2455 521 2497 Deo
553 2456 727 2509 gratum
758 2456 827 2497 vel
861 2456 1101 2508 acceptum,
1136 2453 1252 2507 quod
1285 2450 1452 2492 concilii
1484 2450 1641 2490 habeat
1671 2448 1915 2488 firll‘litafem
1943 2447 1985 2486 et

235 2538 316 2579 per
348 2538 629 2581 consequens
663 2527 806 2569 dictus
839 2526 1041 2568 dominus
1074 2523 1275 2578 princeps
1309 2521 1485 2563 deberet
1515 2518 1722 2568 inhibere,
1756 2530 1809 2558 ne
1830 2514 1983 2568 aliquis

236 2595 294 2637 ad
331 2595 442 2638 illud
482 2598 675 2650 accedat,
717 2597 754 2639 si
790 2598 938 2645 tamen
977 2595 1108 2649 aliqui
1148 2595 1201 2635 de
1232 2594 1347 2634 terra
1378 2591 1461 2632 sibi
1493 2589 1685 2630 subiecta
1716 2587 1900 2628 debeant
1930 2584 1983 2624 ad

165 2737 223 2780 35
359 2738 386 2782 ¹)
416 2736 568 2773 Vinzenz
593 2736 743 2781 Ferrer,
768 2738 831 2772 der
858 2736 1031 2771 berilhmte
1058 2732 1314 2779 Bassprediyer
1339 2742 1400 2764 aus
1426 2730 1499 2763 dem
1526 2724 1889 2761 Dominikanerorden.

357 2796 385 2842 ²)
409 2796 630 2843 Auspieluny
656 2797 723 2842 auf
743 2797 808 2831 den
823 2794 980 2841 friilzern
1004 2791 1211 2838 Aufentkalt
1234 2789 1418 2824 Benedikts
1443 2788 1478 2821 in
1506 2785 1704 2819 Mar-seille?

357 2856 385 2901 ⁸)
409 2855 617 2891 Ferdinand
638 2867 706 2890 von
731 2854 948 2900 Arayonien.

355 2915 385 2961 ⁴)
410 2909 607 2959 Mar-seille,
641 2915 706 2949 das
741 2913 834 2948 Karl
861 2912 928 2956 VL,
964 2910 1092 2953 Nizza,
1123 2908 1186 2943 das
1218 2905 1357 2951 Ludwiq
1387 2915 1454 2966 non
1487 2901 1598 2947 Anjou
1634 2899 1703 2933 und
1731 2898 1882 2939 Savona,
1915 2896 1977 2929 das

242 2974 368 3011 Genua
393 2974 615 3010 unterstand.
1627 3016 1633 3023 ·

163 3037 224 3080 40
356 3035 386 3079 ⁵)
409 3034 453 3069 In
476 3035 542 3069 der
565 3032 784 3068 Instruktion
808 3043 854 3065 an
880 3027 1082 3075 Siyismund
1104 3026 1241 3070 schliiqt
1264 3021 1433 3058 Benedilct
1455 3018 1562 3054 selbst
1584 3016 1698 3050 Nazza
1721 3025 1794 3048 vor.

306 3104 454 3146 Finke,
472 3105 557 3133 Acta
575 3103 710 3133 concilii
729 3099 1006 3131 constanciensis.
1024 3097 1048 3126 1.
1648 3075 1703 3117 23
