2216 3432
283 176 337 217 92
707 179 733 215 Ι.
759 177 954 211 Abschnitt.
1004 171 1426 216 Unionsvorhandlungen
1451 171 1505 204 bis
1533 170 1633 206 1413.

252 287 584 343 „partialitatem
606 283 833 337 quandam,
862 280 942 322 alie
971 279 1069 320 duci
1091 276 1344 330 Burgundie
1374 277 1418 318 et
1439 276 1523 318 alie
1551 275 1651 317 duci
1674 273 2023 327 Aurel(i)anensi

284 357 553 406 adherentes,
609 352 795 406 propriis
841 350 1041 404 gentibus
1089 346 1433 390 concertantium
1484 345 1680 400 undique
1731 345 1777 387 in
1823 357 1932 399 pace
1979 345 2024 386 et

283 426 456 469 silentio
486 423 854 478 permanentibus,
885 421 1024 462 solum
1046 417 1223 471 Anglice
1254 416 1395 471 gentis
1426 418 1570 458 vestre
1602 415 1844 469 partialitas
1871 415 2025 457 contra

280 510 374 537 sese
412 493 620 547 preliavit.
682 492 886 545 Regalem
926 491 1058 543 igitur
1096 487 1398 530 excellentiam
1430 487 1652 540 oporteret
1684 485 1926 536 attendere,
1958 486 2023 539 ut,

279 578 373 607 cum
414 564 552 617 quivis
594 563 657 604 sui
698 561 978 614 compatriote
1020 558 1150 601 statui
1191 560 1233 599 et
1265 558 1432 599 viribus
1470 556 1674 609 detrahit,
1706 557 1752 597 in
1788 569 1840 597 eo
1877 554 2062 598 saltimf)

277 634 388 687 parit
434 632 654 686 proprium
694 645 770 685 per
801 643 1072 683 consequens
1105 627 1429 670 detrimentum.
1493 626 1625 668 Sicud
1663 625 1777 668 enim
1821 624 1940 667 cives
1978 627 2022 668 et

276 704 461 758 patriote
485 716 533 744 ac
556 702 793 744 comunitas
816 702 966 741 mutua
986 699 1254 740 incrementa
1276 697 1541 751 percipiunt,
1575 699 1622 738 ut
1644 695 1838 751 potentia
1860 695 2021 738 civium

276 774 493 825 potentem
531 771 838 813 comunitatern
878 770 1049 820 efficiat,
1091 769 1152 810 sic
1183 771 1227 810 et
1258 768 1431 810 illorum
1465 767 1727 809 detrimenta
1759 766 2018 808 alterutrum

276 842 596 895 participantur.
642 842 787 888 ‚Nimis
820 843 886 881 est
918 841 1063 892 itaque
1086 853 1186 880 seva
1209 837 1454 889 crudelitas,
1487 851 1567 891 per
1588 850 1733 891 quam,
1758 839 1805 878 ut
1827 836 2020 879 offendat

276 913 371 965 quis
403 913 596 961 alterum,
634 911 841 952 offensam
874 910 1092 963 propriam
1135 923 1219 950 non
1252 909 1455 950 abhorret
1487 910 1530 949 et
1562 907 1606 948 in
1640 908 1887 960 periculum
1918 920 2020 961 pre-
2039 908 2091 949 10

275 982 436 1035 cipitat,
469 982 598 1022 alium
630 981 806 1022 festinat
838 980 881 1021 in
905 979 1178 1033 precipitium
1209 992 1392 1032 preceps
1416 978 1509 1032 ipse
1532 991 1674 1019 suum.
1730 978 2018 1020 Considerate

276 1051 416 1103 igitur,
464 1052 594 1092 frater
636 1050 867 1102 carissime,
916 1063 1012 1091 cum
1057 1064 1131 1091 vos
1168 1051 1252 1089 tam
1300 1049 1570 1102 experientia
1617 1049 1741 1102 cogat
1788 1049 2018 1091 advertere

279 1133 406 1173 quam
429 1120 652 1162 familiaria
675 1121 871 1172 exempla
893 1133 978 1161 non
1002 1120 1197 1173 sinant,²¹)
1221 1133 1347 1172 quam
1371 1118 1574 1172 gravibus
1598 1118 1653 1160 sit
1676 1132 1745 1160 res
1768 1119 1865 1171 ipsa
1887 1119 2018 1172 plena

276 1189 488 1242 periculis.
533 1191 720 1243 Ideoque
747 1191 1020 1243 requirimus,
1044 1191 1089 1230 ut
1111 1192 1259 1241 gentes
1283 1192 1448 1230 vestras
1472 1190 1527 1231 ad
1550 1190 1631 1231 hoc
1655 1191 1807 1230 tenere
1830 1190 2016 1243 placeat,

275 1272 326 1299 ne
367 1261 421 1300 ad
464 1260 649 1312 aliquam
691 1260 879 1312 partium
929 1260 971 1300 in
1015 1273 1268 1300 succursum
1310 1261 1515 1301 accedere
1559 1262 1831 1313 presumant.
1896 1260 2085 1303 Nu11i15

275 1328 401 1368 etiam
424 1329 624 1380 partium,
658 1330 850 1381 faveatis,
879 1332 1021 1371 vestra
1043 1330 1285 1371 fraternitas
1309 1331 1412 1372 velit
1436 1331 1539 1372 (lare
1562 1344 1607 1371 se
1631 1331 1675 1371 in
1698 1330 2015 1382 auxiliatorem,

273 1396 391 1438 sicud
429 1411 558 1450 super
600 1400 679 1440 hoc
719 1399 850 1441 etiam
886 1413 962 1453 per
1010 1400 1147 1441 dictos
1195 1403 1362 1442 vestros
1413 1400 1732 1443 anibaxiatores
1780 1402 2015 1444 recolimus

273 1479 408 1519 nuper
439 1481 512 1508 vos
543 1481 727 1521 rogasse.
794 1471 1030 1522 Speramus
1067 1470 1245 1523 quippe,
1290 1472 1335 1511 ut
1366 1484 1464 1512 cum
1498 1471 1715 1513 adiutorio
1759 1474 1904 1514 vestro
1935 1486 2015 1527 po-

270 1534 485 1591 terimusb)
516 1538 630 1579 inter
660 1538 878 1590 predictos
914 1540 1044 1580 duces
1078 1540 1129 1581 ad
1154 1540 1336 1581 invicem
1361 1542 1665 1597 (lissidentes‘)
1696 1555 1851 1595 pacem
1874 1542 2014 1585 facere

271 1606 314 1645 et
345 1606 612 1647 concordiam
646 1608 887 1649 reformare.
945 1610 1094 1650 Melius
1127 1612 1289 1664 quippe
1323 1613 1365 1652 et
1397 1612 1618 1653 salubrius
1650 1612 1766 1654 vires
1797 1627 1947 1667 regum
1970 1615 2014 1656 et
2029 1613 2086 1654 20

268 1673 510 1727 principum
548 1677 879 1719 cliristianmuni
921 1680 1120 1721 convenit
1157 1683 1306 1723 contra
1353 1696 1546 1735 paganos
1593 1684 1831 1725 extendere
1879 1697 2012 1737 quam

268 1743 321 1783 ad
352 1743 659 1787 effundendum
691 1749 944 1800 sanguinem
978 1750 1259 1792 christianum
1291 1752 1386 1793 illas
1410 1767 1433 1794 a
1457 1766 1680 1807 quoquam
1711 1767 2012 1809 exaggregare.

269 1813 318 1853 In
349 1826 447 1854 casu
478 1817 635 1867 autem,
669 1830 751 1870 quo
783 1832 865 1871 pax
898 1821 939 1859 et
970 1821 1199 1862 concordia
1228 1825 1376 1864 nostro
1399 1825 1440 1864 et
1464 1826 1608 1865 vestro
1632 1824 1876 1868 ministerio
1899 1826 2014 1868 inter

266 1884 409 1934 partes
452 1883 544 1925 fieri
597 1899 683 1927 non
724 1891 883 1939 posset,
930 1891 1034 1930 tunc
1076 1890 1228 1944 utique
1275 1893 1438 1934 bonnm
1487 1894 1669 1947 videtur,
1718 1897 1837 1949 quod
1883 1897 2013 1939 ambo

268 1951 394 1992 simul
426 1966 555 1995 unam
588 1958 754 2007 partem
777 1957 1050 2015 faveamus,¹')
1082 1964 1124 2001 et
1151 1962 1211 2003 illi
1236 1963 1357 2005 sicud
1381 1964 1537 2006 fratres
1561 1966 1729 2008 viribus
1751 1967 2011 2009 coadunatis
2027 1967 2081 2007 25

267 2021 583 2076 subveniamus,
627 2028 687 2077 ut,
726 2040 822 2068 cum
862 2042 946 2070 una
985 2030 1041 2071 sit
1079 2031 1122 2071 in
1155 2033 1280 2073 nobis
1314 2034 1564 2077 fraternitas
1598 2037 1828 2086 mentium,
1862 2040 2013 2081 mutua

268 2093 416 2143 regnet
455 2094 495 2133 et
532 2095 758 2138 subveniat
790 2099 959 2150 puritas
992 2101 1224 2143 actionum.
1288 2105 1473 2159 Insuper
1505 2107 1785 2149 serenitatem
1819 2110 2012 2151 vestram

267 2160 479 2202 credimus
534 2177 617 2204 non
658 2166 801 2218 latere,
847 2171 1061 2221 quomodo
1100 2174 1251 2214 Veneti
1296 2174 1494 2218 fecerunt
1532 2177 1617 2219 sibi
1655 2191 1821 2221 cornua
1857 2178 2011 2231 ferrea,

267 2242 363 2270 cum
405 2232 562 2283 quibus
599 2236 737 2276 totum
783 2239 929 2279 orbem
971 2242 1153 2283 credunt
1195 2245 1405 2287 ventilare
1445 2250 1487 2289 et
1529 2248 1686 2290 elevati
1727 2250 1771 2291 in
1804 2250 2012 2304 superbia

266 2310 419 2351 magna
470 2303 592 2344 valde
647 2307 919 2350 crudelitates
976 2324 1076 2353 suas
1122 2315 1379 2367 prodittorie
1425 2318 1663 2361 comittunt
1708 2319 1752 2361 in
1800 2318 2083 2374 singu10S‚30

266 2372 507 2422 querentes,
546 2386 674 2426 quem
715 2377 935 2420 devorent.
1000 2382 1053 2423 Et
1085 2384 1187 2437 quia
1220 2399 1305 2427 non
1339 2390 1405 2429 est
1436 2389 1593 2442 equior
1625 2390 1707 2442 lex,
1745 2403 1879 2444 quam
1911 2404 2011 2434 cru-

265 2438 451 2480 delitatis
498 2443 539 2483 et
583 2445 844 2496 perdicionis
888 2450 1076 2494 artifices
1127 2457 1218 2497 arte
1262 2457 1405 2511 perire
1450 2473 1543 2510 sua,
1596 2461 1770 2514 placeat
1816 2461 2010 2516 prefatos

264 2507 450 2584 Venetos
482 2514 646 2555 emulos
669 2519 836 2559 nostros
859 2522 901 2561 et
922 2521 1102 2565 rebelles
1123 2537 1269 2568 amore
1292 2531 1438 2571 nostre
1460 2531 1750 2574 fraternitatis
1772 2530 2009 2586 diffidat-ed)

264 2577 305 2617 Ol
334 2590 450 2630 1PSOS
481 2581 526 2622 in
558 2596 690 2638 regno
720 2589 862 2629 vestro
895 2591 1091 2636 detinere
1123 2595 1231 2637 etin
1255 2598 1387 2640 rebus
1417 2601 1460 2641 et
1482 2601 1776 2644 mercimoniis
1809 2602 2009 2658 dampni-

260 2644 403 2700 ficare,
444 2649 564 2693 sicud
601 2655 653 2696 de
689 2655 959 2703 fraternitate
997 2666 1139 2706 vestra
1177 2667 1449 2722 confidimus,
1490 2674 1620 2724 prout
1656 2672 1702 2714 in
1735 2673 1864 2715 simili
1903 2660 2008 2716 casu
2023 2670 2078 2712 35

260 2727 352 2757 vlce
373 2730 508 2773 versa,
547 2724 601 2764 ad
634 2727 962 2779 requisitionem
994 2736 1195 2789 vestram,
1228 2738 1263 2779 si
1296 2753 1381 2793 que
1413 2743 1537 2795 grata
1568 2744 1682 2785 votis
1713 2744 1872 2786 vestris
1903 2757 2008 2787 con-

260 2785 413 2830 formia
441 2791 676 2847 volueritis,
708 2810 785 2840 nos
819 2799 1044 2846 facturum.

375 2983 405 3020 a)
424 2984 502 3013 Hier
519 2987 598 3020 fehlt
617 2990 666 3018 ein
691 2991 832 3022 Verbum.
868 2996 900 3032 b)
919 2998 959 3026 So
978 2999 1166 3035 komtrut’rt.
1204 3012 1232 3036 e)
1253 3005 1461 3040 distudentes
1480 3010 1516 3037 Β.
1554 3010 1587 3050 (1)
1608 3010 1766 3041 demdaro
1784 3012 1822 3048 Β,
