2216 3432
0 0 170 95 F*
184 0 219 12 v*
244 0 295 19 *a

0 94 32 121 *ὦ
266 94 270 99 ”

7 149 18 156 ..

11 223 16 230 .

981 162 1198 211 Einleitung.
1894 169 1919 210 Ξ
1928 169 1945 210 1
1955 169 1978 210 7

205 263 396 319 yemeim.
458 261 510 304 In
546 263 622 305 der
662 263 757 306 Zeit
792 280 868 307 von
910 267 1025 309 1412
1062 271 1142 326 auf
1179 271 1292 314 1413
1330 275 1483 332 υοίίεορ
1524 278 1612 319 sich
1652 282 1737 322 eine
1771 283 1989 337 politiscke·

217 332 429 391 Wendunq
463 333 742 391 &qimanda
777 337 841 380 die
874 338 974 381 aber
1003 342 1116 382 nic-let
1144 341 1406 386 Frankreich,
1437 348 1611 390 sondern
1639 366 1719 391 nur
1750 353 1827 394 das
1858 353 1979 397 Hauc

205 403 419 461 Buryund
463 405 613 459 betrafi
695 407 771 449 Bis
818 409 949 452 (labin
993 412 1100 454 hatte
1145 428 1190 455 er
1234 416 1432 458 zwisclcen
1478 419 1554 460 den
1601 420 1740 463 beiden
1787 422 1980 467 IId‘usern

43 538 46 541 ι
207 475 386 519 Orleans
414 477 503 519 und
537 477 745 535 Burqund
773 481 1156 539 freunclschaftlich
1197 501 1246 526 :u
1281 490 1503 530 vermitteln
1540 492 1718 545 qesuclzt.
1793 493 1874 537 Wie
1905 512 1980 538 aus

77 561 79 564 ’
126 570 128 572 >
164 547 191 590 5
209 545 254 589 S.
278 546 368 588 216
390 547 511 592 Anm.
536 547 567 589 2
586 550 835 607 hervoryeM,
871 552 1054 596 bomvilzte
1075 570 1120 596 er·
1141 557 1238 607 sic-lt,
1274 558 1379 599 auch
1398 558 1566 601 Johamz
1587 560 1759 603 XXIII.
1783 565 1911 618 dafc'ir
1931 582 1981 608 zu

204 620 479 664 interesse-en.
533 620 614 663 Die
655 619 860 664 Ventrem·
884 623 1022 666 beider
1043 624 1212 668 Ilduser
1241 627 1409 670 benennt
1429 645 1474 671 er
1505 635 1817 688 consanguinei
1843 638 1979 680 nostri

205 691 436 734 carissimi.
501 691 620 734 Noeh
655 695 713 734 im
745 692 960 748 Frz‘ilgjalzr
993 696 1108 737 1412
1148 699 1249 740 steht
1285 715 1329 741 er·
1368 703 1444 742 mit
1473 701 1640 744 Jokamz
1670 720 1745 746 von
1776 706 1982 762 Bmyund

203 764 248 804 in
278 763 593 819 peechdf'tliclzer
634 762 920 822 Verbinduny:
953 767 1034 809 Die
1060 766 1174 809 7000
1197 769 1371 822 Gulden,
1405 772 1469 814 die
1501 773 1565 814 die
1598 772 1633 813 V
1630 778 1839 817 enezianer
1860 777 1980 830 y'd'lar-

205 834 286 875 Ziela
318 835 392 876 der
422 835 561 878 Krene
599 835 800 892 Unyarns
837 838 984 880 zahlen
1014 843 1190 891 wzz'issen,
1233 842 1303 882 leat
1333 858 1377 883 er
1407 843 1489 884 ilem
1521 845 1771 900 verpfd'ndet,
1810 849 1896 889 und
1925 850 1979 890 da

136 906 190 948 10
193 904 288 959 jane
327 907 405 947 seit
441 908 603 963 einiqen
633 907 795 950 Jalzren
837 909 902 951 die
937 909 1133 967 Zaltlszs
1172 915 1430 968 verweiyern,
1473 929 1516 955 so
1553 916 1649 957 rc‘c'tlz
1680 932 1724 958 er
1754 918 1850 970 ilem,
1893 921 1978 961 siclt

204 992 260 1018 an
291 978 368 1020 den
399 979 730 1021 venezianischen
760 979 1005 1036 Kaufleuten
1036 984 1080 1023 in
1113 981 1327 1025 Flandern
1359 985 1546 1027 schaenos
1577 1002 1628 1028 zu
1659 987 1851 1042 h,alcen.1)

203 1147 354 1178 vestram
394 1145 623 1179 decernemus
663 1146 906 1181 destinandos.
970 1147 1183 1192 Sci-ipsimus
1223 1150 1374 1194 denique
1413 1153 1633 1186 sanctissimo
1679 1154 1818 1188 domino
1861 1160 1979 1190 nostro

202 1204 361 1241 Johauni
388 1215 524 1239 summo
551 1206 723 1250 pontifici,
756 1210 797 1240 ut
823 1210 856 1241 et
882 1218 947 1241 sua
973 1209 1142 1242 sanctitas
1169 1209 1393 1254 interponere
1421 1211 1584 1256 dignetur
1610 1224 1671 1257 pro
1700 1225 1783 1258 pace
1804 1217 1837 1248 et
1863 1226 1979 1249 recon-

205 1263 385 1298 ciliatione
411 1265 505 1299 inter
523 1268 641 1310 partes
666 1277 749 1300 suas
769 1277 923 1311 suosque
942 1269 1214 1302 ambassiatores
1234 1269 1317 1302 illuc
1336 1270 1484 1315 dirigere
1504 1272 1685 1315 speciales,
1730 1273 1978 1308 Celsitudinem

135 1323 186 1365 15
203 1323 324 1368 itaque
350 1327 516 1366 vestram,
542 1327 806 1371 consanguinee
833 1327 1024 1369 carissime,
1051 1329 1261 1372 requirimus
1282 1332 1315 1362 et
1334 1329 1514 1364 hortamur
1532 1334 1675 1373 attente,
1703 1335 1874 1376 quatenus
1899 1345 1979 1377 pru-

204 1383 329 1418 denter
346 1385 584 1426 attendentes,
604 1396 707 1430 quam
727 1386 774 1420 sit
792 1386 1021 1431 dispendiosa
1039 1390 1153 1421 vestre
1172 1389 1337 1432 prosapie
1356 1392 1461 1433 atque
1481 1390 1602 1424 domus
1622 1391 1775 1435 predicte
1794 1392 1978 1434 dissensio,

204 1453 272 1486 que
297 1443 335 1477 in
361 1445 593 1478 commotione
619 1448 736 1479 vestra
763 1446 951 1480 multorum
979 1448 1159 1480 commotis
1186 1448 1311 1481 animis
1331 1450 1365 1481 et
1383 1448 1610 1492 plurimorum
1630 1451 1792 1484 cordibus
1811 1451 1848 1484 in
1865 1454 1980 1486 vestra

201 1502 405 1537 turbatione
440 1504 593 1538 turbatis
627 1515 768 1538 causam
801 1508 923 1549 posset
954 1506 991 1539 in
1023 1508 1097 1539 tota
1131 1506 1386 1540 christianitate
1420 1507 1501 1541 dare
1534 1509 1698 1552 periculis
1726 1512 1758 1543 et
1785 1511 1977 1554 periculose

202 1562 253 1595 rei
285 1563 426 1607 publice
458 1564 630 1608 impedire
663 1564 853 1609 profectus.
905 1565 987 1598 Ideo
1021 1565 1157 1610 placeat
1193 1566 1427 1610 magnitudini
1462 1570 1576 1601 vestre'
1609 1568 1652 1601 ad
1679 1570 1775 1613 pacis
1802 1572 1834 1603 et
1861 1580 1976 1603 recon-

130 1621 188 1662 ΞΟ
202 1621 392 1656 ciliationis
426 1623 572 1658 comoda
604 1626 710 1668 atque
744 1625 836 1658 bona
874 1627 1024 1659 mentem
1061 1628 1262 1659 convertere
1297 1628 1331 1659 et
1363 1626 1485 1660 saltem
1518 1630 1636 1660 nostre
1672 1629 1975 1672 contemplationis

202 1682 350 1717 obtentu
376 1683 420 1717 ad
446 1685 554 1718 unius
581 1686 666 1719 anni
691 1685 860 1719 instantis
888 1685 1141 1719 revolutionem
1168 1677 1280 1720 facere
1298 1690 1497 1731 treugarum
1517 1687 1634 1721 federa
1653 1690 1686 1720 et
1704 1688 1803 1728 inire,
1830 1698 1974 1732 nosque,

199 1744 240 1776 ut
265 1742 473 1787 prelibatur,
501 1744 545 1778 ad
573 1745 669 1789 pacis
694 1745 977 1779 reformationem
997 1746 1196 1790 aspirantes
1216 1746 1387 1779 credimus
1407 1747 1502 1790 pacis
1522 1749 1637 1780 actore
1655 1747 1824 1791 largiente
1842 1748 1975 1781 animos

199 1802 238 1835 in
264 1802 402 1836 diversa
428 1803 560 1838 divisos
588 1804 632 1838 ad
658 1805 881 1838 concordiam
908 1808 942 1838 et
968 1816 1088 1849 pacem
1115 1806 1279 1839 reducere
1306 1808 1339 1838 et
1364 1805 1533 1839 inclinare
1561 1811 1594 1839 et
1619 1806 1655 1839 in
1673 1806 1808 1839 unitate
1827 1807 1973 1850 pristine

201 1862 235 1895 et
266 1861 379 1896 solide
412 1863 513 1897 unire
547 1864 716 1898 caritatis.
778 1863 854 1898 Aus
896 1862 978 1898 Cod.
1019 1863 1092 1897 Pal.
1126 1863 1191 1897 701
1220 1864 1290 1909 sol.
1322 1863 1392 1898 317
1410 1876 1456 1898 ss.
1492 1865 1556 1898 der
1599 1864 1672 1900 Vat.
1708 1864 1797 1898 Bibl.
1862 1864 1976 1899 Ueber

128 1918 184 1960 25
198 1920 254 1954 die
279 1921 406 1956 innern
434 1921 581 1969 Kc'impfc
613 1923 649 1957 itt
674 1922 910 1966 Frankreiclt,
948 1923 1139 1957 basondars
1176 1924 1244 1957 seit
1273 1924 1336 1957 der
1363 1923 1583 1969 Ermordwry
1617 1923 1677 1957 (les
1715 1923 1877 1969 Iler-:093
1908 1935 1975 1957 von

199 1979 349 2015 Orleans
376 1981 444 2027 auf
470 1981 734 2029 Veranlassuny
760 1983 821 2017 (les
850 1983 1093 2029 Buryumlcrs,
1129 1983 1198 2017 merl
1229 1982 1314 2017 iiber
1342 1983 1408 2016 (len
1433 1983 1589 2028 Ez'tfiuss
1615 1982 1799 2017 derselhcn
1834 1983 1900 2023 auf
1919 1983 1973 2017 die

187 2039 445 2084 franzb'sisclte
477 2041 763 2088 Kircleenpolitz'k
799 2042 1002 2088 itqformicrt
1033 2043 1138 2076 recht
1167 2047 1231 2087 ,qut
1266 2043 1329 2076 das
1363 2042 1461 2075 Buclz
1494 2054 1560 2076 von
1595 2042 1696 2085 Besa,
1734 2041 1972 2076 Frank-wichs

196 2098 482 2146 Kz'relzenpolitik
518 2102 590 2136 und
618 2102 682 2136 cler
707 2102 863 2137 Prozess
895 2103 956 2137 des
982 2102 1075 2136 Jean
1100 2101 1196 2136 Petit
1231 2101 1319 2136 iiber
1350 2102 1404 2135 dic
1432 2101 1544 2135 Lelzrc
1576 2113 1652 2135 vom
1690 2101 1975 2147 'I'yratmemnord

199 2157 251 2193 bis
276 2170 344 2193 zur
369 2159 476 2195 Reice
503 2161 619 2207 Ko'm'y
648 2161 882 2208 Siyismuncls,
910 2161 1101 2196 besomlars
1130 2161 1168 2196 S.
1196 2161 1291 2208 59ff.

127 2216 185 2258 30
320 2219 348 2264 ¹)
375 2220 498 2255 Frater
528 2222 719 2256 carissime.
780 2223 904 2267 Magne
938 2222 1160 2266 displicentie
1196 2224 1230 2255 et
1263 2222 1475 2255 turbationis
1510 2221 1687 2254 materiam
1724 2221 1819 2254 cordi
1852 2223 1970 2254 nostro

196 2278 358 2324 ingessit,
397 2280 479 2314 dum
512 2282 724 2324 audivimus,
764 2282 856 2326 quod
891 2283 927 2316 in
960 2282 1159 2326 prefulgida
1193 2281 1293 2314 domo
1329 2283 1442 2314 vestra
1474 2281 1631 2313 claritate
1666 2280 1851 2324 perspicua
1876 2279 1971 2312 etin

196 2341 389 2383 conspectu
427 2341 522 2374 omni
554 2342 685 2386 quietis
717 2344 751 2375 et
782 2342 878 2386 pacis
912 2342 1129 2375 connexione
1167 2341 1319 2385 gloriose
1357 2340 1508 2374 fecunda
1546 2349 1608 2384 pro
1647 2341 1745 2383 parte
1784 2339 1970 2372 illustrium

0 2420 5 2437 2
195 2398 395 2443 principum
423 2399 643 2435 dominorum
663 2401 837 2435 Johannis
857 2401 955 2434 ducis
976 2400 1180 2445 Burgundie
1206 2401 1249 2433 ab
1276 2410 1347 2433 una
1372 2402 1406 2433 et
1424 2397 1568 2444 [Caroli]
1591 2398 1687 2432 ducis
1708 2397 1971 2431 Aurelianensis

197 2467 239 2491 ex
265 2458 425 2501 adverso,
462 2461 806 2505 consanguineorum
833 2463 1034 2494 nostrorum
1061 2460 1333 2500 carissimorum,
1360 2459 1518 2502 ipsisque
1544 2458 1784 2491 adherentium
1812 2460 1846 2490 et
1872 2456 1970 2489 coad-

126 2513 182 2555 35
196 2517 350 2551 iutorum
385 2519 576 2553 eorundem
610 2520 652 2554 de
686 2520 788 2554 domo
825 2520 972 2564 prefata,
1011 2520 1206 2553 seminante
1233 2519 1329 2562 pacis
1356 2518 1508 2558 inimico,
1535 2517 1726 2561 iurgiorum
1754 2518 1787 2549 et
1813 2515 1969 2549 odiorum

195 2586 360 2610 rancores
387 2577 617 2621 pullularent.
667 2579 767 2614 Licet
789 2570 909 2613 'autem
937 2579 981 2613 ad
1006 2579 1190 2612 universos
1218 2578 1395 2622 principes
1422 2576 1504 2610 fidei
1529 2576 1720 2609 christiane
1746 2575 1907 2615 cultores,
1933 2574 1970 2607 in

165 2625 167 2627 ¹
196 2635 277 2677 hiis,
304 2647 372 2680 que
399 2637 569 2671 beneficia
594 2640 628 2672 et
653 2639 954 2673 conservationem
982 2639 1078 2683 pacis
1107 2637 1312 2681 respiciunt,
1339 2638 1459 2670 noster
1477 2636 1650 2680 dirigatur
1667 2634 1820 2675 affectus,
1847 2633 1969 2666 advos

195 2697 315 2729 tamen
353 2698 387 2730 et
418 2696 560 2731 domum
598 2700 749 2732 vestram
788 2692 909 2743 pacem
943 2697 1198 2742 procurandam
1239 2706 1278 2729 eo
1314 2706 1452 2739 semper
1489 2694 1664 2728 intensior
1696 2693 1861 2734 redditur,
1900 2701 1967 2735 quo

196 2754 338 2789 domum
363 2755 478 2800 ipsam
507 2757 604 2801 pacis
623 2758 813 2792 amenitate
830 2758 1020 2803 gloriosius
1041 2756 1314 2801 preeminentem
1334 2755 1536 2798 contingere
1554 2754 1744 2797 iurgiorum
1766 2751 1967 2785 rancoribus

0 2812 9 2838 ¹
123 2809 183 2852 40
196 2814 362 2859 pestifere
388 2815 573 2849 dilacerari
599 2844 607 2852 .
627 2844 635 2852 .
655 2845 663 2853 .
691 2817 854 2851 Preterea
881 2817 964 2861 quia
993 2816 1117 2850 Veneti
1143 2814 1254 2848 nostri
1282 2816 1315 2847 et
1343 2814 1433 2846 sacri
1459 2813 1594 2856 imperii
1614 2811 1760 2862 rebelles
1779 2810 1815 2843 in
1833 2809 1966 2853 maguis

195 2875 231 2907 et
260 2874 299 2907 in
330 2874 552 2908 mirabilibus
590 2885 698 2920 super
729 2886 767 2910 se
799 2876 1022 2910 ambulantes
1062 2885 1203 2908 censum
1236 2883 1389 2907 annuum
1423 2873 1556 2915 septem
1588 2870 1720 2904 milium
1753 2869 1965 2907 ducatorum,

195 2933 325 2977 quibus
357 2943 485 2968 corone
512 2935 610 2979 regni
634 2935 750 2969 nostri
772 2935 954 2980 Hungarie
980 2936 1151 2979 perpetuo
1178 2932 1389 2976 obligantur,
1416 2940 1574 2974 quosque
1599 2929 1642 2962 ad
1670 2931 1805 2972 tempus
1831 2925 1977 2971 prefato·

195 2993 460 3038 consanguineo
492 2995 613 3028 nostro
647 2993 728 3028 duci
763 2994 968 3040 Burgundio
1006 2992 1158 3038 persolvi
1196 2991 1322 3025 debere
1356 2990 1658 3033 deputaveramus,
1696 2985 1837 3030 aliquod
1863 2984 1963 3018 annis

196 3052 398 3099 persolvere
424 3054 554 3089 temere
579 3063 652 3089 non
677 3056 858 3097 curarunt,
883 3063 994 3101 penas
1020 3051 1166 3099 periurii
1192 3053 1226 3086 et
1251 3049 1398 3084 mulctas
1423 3050 1611 3095 propterea
1635 3045 1785 3081 inflictas
1811 3043 1961 3090 pertina-
