2216 3432
222 157 306 198 308
537 163 598 200 111.
625 162 828 198 Abschnitt.
877 159 1150 206 von-geschichte
1176 158 1237 193 des
1263 158 1487 193 Konstanzer
1510 157 1670 192 Konzils.
2091 0 2216 244 Ἶ

338 271 394 312 Et
440 269 495 312 ad
542 270 726 323 partem,
759 280 838 322 per
885 280 1018 321 quam
1070 264 1418 319 requisiverunt,
1458 264 1578 318 quod
1620 263 1796 318 placeat
1837 265 1989 306 nostro

223 340 418 383 dominio
450 340 711 391 concedere,
750 337 867 391 quod
913 337 1057 378 dictus
1109 334 1314 376 dominus
1356 334 1554 389 Angelus
1599 333 1800 377 Corrario
1845 333 1990 388 possit

222 412 371 454 venire
403 411 459 453 ad
491 409 710 451 civitatem
742 410 913 450 Verone
946 408 989 449 et
1020 406 1080 448 ibi
1114 404 1275 447 morari
1307 407 1350 446 et
1381 405 1501 458 quod
1533 405 1676 460 possit
1698 405 1873 447 mittere
1895 418 1989 448 am-

222 481 486 524 bassiatores
524 482 567 522 et
615 478 799 522 nuncios
845 478 899 519 ad
945 477 1177 518 consilium
1230 488 1310 529 pro
1357 474 1665 517 reformatione
1715 475 1887 518 concilii
1945 477 1990 518 et

223 552 341 606 quod
386 552 546 593 habeat
583 551 751 592 salvum
803 549 1067 590 conductum
1105 560 1186 600 pro
1229 559 1276 588 se
1308 547 1352 588 et
1384 546 1612 588 comittiva
1651 558 1730 587 sua
1768 559 1819 588 ac
1857 539 2030 589 rebus5

224 622 314 664 suis
347 622 391 663 in
424 621 561 663 forma
593 620 855 668 necessaria,
894 618 1103 672 quoniam
1137 620 1204 658 est
1236 615 1499 670 dispositus,
1538 615 1655 658 sicut
1686 629 1862 670 semper
1892 617 1989 670 fuit,

224 694 278 734 ad
311 691 693 746 reintegrationem
738 690 919 732 ecclesie
952 691 994 730 et
1026 689 1079 729 ad
1119 687 1367 729 faciendum
1400 700 1465 737 ea,
1499 700 1584 741 que
1617 687 1706 729 sint
1736 687 1915 730 unionis
1947 689 1991 730 et

224 763 345 817 pacis
391 761 726 804 christianorum
766 762 807 802 et
850 761 967 803 bono
1000 759 1126 801 ltalie
1165 761 1207 800 et
1245 759 1515 813 postponere
1561 759 1703 799 certas
1741 757 1990 801 dubietates

224 832 390 885 mundi,
430 833 760 885 respondeatur,
800 831 918 884 qnod
957 832 1185 885 sperantes
1226 842 1327 881 nos,
1367 829 1486 882 quod
1525 829 1686 870 habeat
1723 828 1990 871 desiderium

225 906 269 946 et
303 903 512 957 optimam
552 903 843 944 intentionem
888 901 942 943 ad
985 901 1200 942 unitatem
1241 899 1424 941 ecclesie
1467 900 1545 941 Dei
1580 901 1624 941 et
1667 900 1722 941 ad
1764 900 1862 951 alia,
1903 913 1989 954 que
2006 895 2061 939 10

226 975 315 1016 sint
346 973 506 1027 quietis
540 974 583 1014 et
613 973 733 1028 pacis
766 972 888 1014 Italic
921 985 1000 1026 pro
1033 971 1273 1013 remotione
1305 983 1559 1024 guerrarum
1592 972 1637 1012 et
1668 971 1989 1024 scandalorum,

227 1058 377 1086 sumus
410 1044 617 1095 contenti,
652 1076 660 1084 .
696 1078 702 1085 .
740 1076 748 1084 .
781 1043 901 1096 quod
934 1043 1071 1096 possit
1106 1042 1256 1083 venire
1278 1042 1332 1083 ad
1357 1040 1577 1083 civitatem
1601 1043 1797 1084 nostram
1819 1043 1990 1084 Verone

225 1128 303 1168 per
348 1128 465 1156 mare
513 1116 556 1155 et
587 1126 744 1166 passus
778 1116 951 1155 nostros
984 1128 1008 1155 a
1041 1114 1192 1167 Clngia
1226 1114 1327 1155 inde
1360 1114 1403 1154 et
1435 1126 1516 1167 per
1547 1112 1732 1155 flumina
1762 1126 1902 1167 usque
1934 1113 1990 1154 ad

230 1186 368 1239 ipsam
403 1184 621 1226 civitatem
654 1187 696 1226 et
729 1184 788 1226 ibi
822 1186 937 1226 stare
968 1198 1098 1239 posse
1131 1184 1358 1225 mensibus
1391 1183 1566 1225 duobus
1598 1185 1784 1235 tantum,
1817 1185 1866 1225 ut
1886 1196 1989 1238 pro-

229 1256 378 1309 ponat,
412 1255 570 1296 deinde
604 1254 743 1296 facere
777 1268 841 1305 ea,
875 1269 960 1308 que
993 1255 1186 1296 ostendit
1219 1255 1380 1297 habere
1412 1254 1457 1296 in
1480 1254 1626 1296 animo
1649 1268 1730 1296 suo
1752 1255 1868 1297 circa
1889 1268 1989 1308 per·
2007 1249 2061 1292 15

229 1325 411 1367 tinentia
443 1326 497 1366 ad
531 1325 772 1376 concilium,
807 1327 1026 1379 pos-sendo
1060 1326 1223 1367 ibidem
1247 1339 1326 1380 pro
1349 1339 1396 1367 se
1419 1327 1462 1367 et
1485 1325 1648 1367 familia
1670 1339 1750 1367 sua
1773 1326 1989 1368 existente

226 1409 374 1437 secum
398 1397 473 1437 aut
494 1395 699 1437 veniente
722 1397 775 1437 ad
800 1410 897 1437 enm
922 1399 1036 1437 stare
1059 1410 1226 1447 secure,
1260 1396 1396 1437 libere
1419 1398 1463 1438 et
1486 1397 1581 1438 sine
1603 1396 1751 1450 aliqua
1772 1396 1989 1447 molestia,

225 1466 414 1508 novitate
458 1467 523 1508 vel
570 1466 886 1520 impedimento
929 1482 978 1508 ac
1011 1468 1184 1509 mittere
1217 1467 1559 1509 ambassiatores
1591 1469 1636 1509 et
1669 1467 1855 1509 nuncios
1887 1467 1990 1509 hinc

225 1538 267 1578 et
304 1537 404 1578 inde
437 1537 570 1578 libere
609 1540 650 1578 et
691 1552 841 1579 secure
882 1538 924 1579 in
966 1539 1045 1579 lioc
1086 1539 1273 1579 termino
1319 1538 1535 1580 mensium
1576 1539 1783 1591 (luorum,
1815 1538 1859 1580 in
1900 1537 1988 1580 fine

224 1621 407 1660 quornm
426 1610 627 1649 teneatur
646 1610 845 1650 recedere
865 1610 1008 1649 eundo
1028 1610 1080 1649 ad
1101 1609 1335 1650 concilium
1356 1609 1421 1651 vel
1441 1609 1539 1661 alio,
1564 1609 1637 1651 ubi
1657 1609 1739 1651 sibi
1758 1609 1988 1664 placuerit,
2003 1603 2061 1646 20

225 1678 461 1718 dummodo
495 1681 618 1719 exeat
652 1679 705 1720 de
739 1680 867 1720 terris
902 1682 943 1721 et
975 1680 1081 1721 loris
1126 1680 1300 1730 nostris,
1345 1680 1652 1734 intelligendo,
1693 1681 1813 1733 quod
1845 1682 1989 1722 stante

223 1748 346 1789 firmo
379 1748 556 1789 domino
590 1749 799 1802 Gregorio
833 1750 876 1791 in
910 1752 1081 1791 Verona
1114 1751 1205 1791 sive
1239 1764 1373 1805 snper
1394 1750 1615 1792 territorio
1640 1752 1791 1791 nostro
1815 1751 1988 1792 duobus

225 1819 451 1860 mensibus
491 1819 697 1871 predictis
747 1834 831 1861 non
876 1822 1013 1875 possit
1058 1821 1094 1863 ei
1134 1822 1323 1875 elongari
1367 1822 1580 1863 terminus
1621 1821 1711 1863 ullo
1751 1821 1880 1862 modo
1920 1821 1990 1863 vel

223 1888 360 1930 forma
393 1889 476 1930 nisi
508 1903 586 1942 per
619 1891 706 1931 tres
738 1894 886 1943 partes
920 1892 1044 1933 istius
1077 1892 1259 1934 consilii.
1324 1894 1402 1934 Set
1434 1893 1469 1934 si
1505 1893 1727 1934 recederet
1760 1892 1901 1934 iturus
1934 1892 1989 1934 ad

225 1959 452 2001 concilium
485 1960 576 2001 sive
609 1963 725 2013 qnod
760 1962 836 2002 iret
874 1964 926 2003 ad
971 1964 1218 2009 concilium,
1259 1963 1397 2017 possit
1440 1962 1535 2004 sieri
1575 1963 1656 2004 sibi
1697 1963 1844 2004 salvus
1886 1957 2059 2004 con-25

225 2030 380 2070 duetus
414 2032 457 2071 et
490 2030 579 2071 dari
615 2034 815 2085 receptus
848 2036 890 2075 et
923 2035 1134 2076 transitus
1167 2036 1211 2075 et
1245 2034 1411 2075 reditus
1443 2047 1524 2088 per
1552 2036 1690 2076 terras
1715 2036 1886 2075 nostras
1908 2047 1989 2088 pro

226 2101 440 2143 veniendo
472 2101 540 2142 vel
574 2103 718 2143 eundo
750 2104 803 2144 ad
837 2104 942 2146 alias
977 2108 1137 2158 partes,
1171 2105 1285 2147 sicut
1317 2106 1371 2146 ad
1403 2118 1588 2158 presens
1620 2105 1799 2146 concedi
1829 2106 1988 2158 potest.

340 2172 402 2212 De
437 2173 560 2225 parte
595 2175 663 2214 30.
680 2174 710 2227 ¹)

223 2357 295 2401 76.
365 2357 609 2415 Vorscleld‘ye
650 2361 723 2401 der
761 2361 995 2404 Gesandten
1037 2364 1280 2405 Malatestas
1321 2364 1408 2418 (bei
1438 2363 1575 2420 Kbm‘y
1609 2363 1882 2420 Siyie‘mumD,
1919 2379 1990 2406 um

223 2428 382 2484 (ἔφερον
415 2429 520 2470 XII.
554 2445 628 2471 zw-
659 2432 968 2488 Anerlcennuny
998 2435 1085 2475 und
1114 2450 1206 2476 zum
1241 2434 1403 2476 Bes-uela
1434 2436 1505 2477 des
1534 2434 1792 2477 Komtanzer
1820 2434 1989 2477 Kcmzile
2002 2429 2060 2472 30

219 2514 270 2540 zu
303 2500 505 2556 beweyen:
547 2499 769 2544 Vollmaclat
798 2504 874 2554 fiir
901 2504 1155 2560 Siqis‘mund
1183 2521 1260 2547 zur
1280 2506 1680 2562 Konzilsbevufunffi
1712 2505 1990 2554 Geleitsbriefe

339 2679 365 2720 ¹)
393 2677 469 2712 Der
492 2677 683 2725 Vorschlay
708 2680 772 2715 der
792 2680 966 2716 Melarlwic
990 2688 1092 2717 meter
1110 2682 1322 2729 Ansiileruny
1347 2683 1408 2718 des
1432 2683 1497 2718 Ser
1520 2683 1679 2718 Albanus
1706 2682 1881 2718 eaduario
1902 2682 1988 2729 yinq

219 2734 346 2769 durch.-
384 2736 461 2770 Den
494 2736 695 2773 Gesamlten
727 2739 886 2785 Greyore
913 2740 993 2775 XII.
1026 2742 1113 2776 selle
1143 2747 1380 2787 yeantwortet
1407 2742 1561 2785 werden,
1597 2742 1682 2777 dass
1713 2742 1778 2777 der
1809 2741 1987 2777 Gesandee

217 2793 373 2828 Jokanns
399 2794 545 2839 XXIII„
575 2797 639 2831 der
664 2798 885 2845 Erzbisehof
910 2811 976 2835 von
1006 2801 1170 2843 calama,
1201 2802 1247 2835 im
1272 2801 1417 2847 Ansanq
1446 2802 1508 2837 dee
1537 2801 1674 2836 Monate
1705 2801 1807 2836 einen
1839 2800 1988 2836 Salvus-

219 2851 371 2887 kondukt
390 2853 461 2898 siin
490 2854 550 2888 ilm
581 2855 724 2891 erbeten
748 2857 848 2901 habe,
882 2859 947 2893 der
978 2861 1186 2905 ausyeetellt
1210 2861 1280 2901 σείς
1314 2861 1477 2895 ωᾶηεοήε
1509 2872 1550 2895 er
1581 2860 1682 2896 einen
1714 2860 1912 2904 dhnlichen,
1945 2871 1985 2896 oo
2000 2853 2056 2896 35

219 2911 328 2945 kenne
357 2923 397 2945 er
421 2912 479 2946 ilm
510 2914 679 2949 erhalten.
731 2917 831 2951 Ultra
856 2919 1110 2953 continentiam
1135 2919 1220 2954 dieti
1245 2921 1359 2954 nostri
1383 2920 1502 2955 salvus
1526 2920 1720 2955 conductus
1738 2930 1812 2955 non
1827 2920 1986 2955 videmus

223 2970 344 3036 multis
379 2971 597 3065 res-picgibus
629 2984 692 3018 pro
724 2975 855 3010 honore
886 2977 998 3012 nostri
1023 2968 1170 3012 dominii
1195 2978 1309 3013 facere
1332 2988 1450 3024 posse.
1499 2978 1550 3014 De
1574 2981 1674 3024 parte
1698 2979 1756 3021 51,
1788 2978 1832 3013 de
1855 2987 1928 3014 non
1952 2978 1987 3022 3,

219 3037 292 3062 non
315 3038 442 3063 sinceri
514 3055 523 3064 .
