2216 3432
455 176 499 215 B.
523 176 679 224 Gregors
704 178 787 217 XII.
813 180 976 229 Stellung
1001 196 1078 220 zum
1104 186 1230 223 Konzil
1258 190 1310 224 bis
1336 202 1398 226 zur
1422 192 1624 241 Ercffnung.
1662 196 1722 235 Nr.
1748 198 1804 237 68.
1924 190 2008 235 275

247 287 384 338 retur,
419 286 652 329 serenitati
685 290 830 331 vestre
864 293 1141 336 committere
1174 297 1267 338 vult
1299 298 1552 343 facultatem
1575 303 1720 358 ipsum
1743 307 2008 352 convocandi

247 358 396 412 quoad
443 358 590 400 locum
630 360 676 400 et
726 361 924 414 tempus,
974 364 1035 406 sic
1079 367 1245 417 tamen,
1295 371 1412 423 quod
1460 386 1670 416 numerus
1708 379 1904 430 parcium
1952 380 2011 422 sit

247 429 422 484 equalis
455 431 500 471 et
533 430 653 484 quod
686 433 834 473 vestra
867 434 1076 478 maiestas
1109 438 1268 481 habeat
1300 441 1514 499 solverest)
1547 445 1692 499 dubia,
1725 461 1810 501 que
1842 449 1886 491 in
1914 450 2008 506 ipso

245 501 351 544 oriri
385 503 581 556 possent.
594 499 629 555 b)

204 575 230 617 5
365 573 606 629 Verum12)
645 574 682 616 si
722 574 795 617 diu
834 578 1056 629 postulata
1089 580 1159 622 via
1197 581 1407 624 cessionis
1445 585 1579 638 magis
1610 587 1768 641 placet,
1808 590 2009 634 dominus

246 646 441 702 noster0)
473 659 591 700 papa
614 646 853 699 Gregorius
886 649 1197 692 celsitudinem
1228 656 1418 696 vestram
1450 656 1675 699 constituit
1695 659 1781 712 in‘)
1805 674 2010 714 procura-

192 741 194 743 -
245 717 389 759 torem
429 717 767 759 irrevocabilem
805 720 865 760 ad‘
900 722 1169 775 cedendum,
1217 724 1453 768 dummodo
1494 727 1584 779 alii,
1629 729 1705 782 qui
1743 731 1825 772 sibi
1865 733 2011 775 sedem

247 789 494 831 Romanam
546 791 787 844 usurpant,
829 791 912 833 hoc
949 791 1066 834 idem
1110 793 1272 836 faciant
1312 797 1354 837 et
1395 798 1549 839 cedere
1588 813 1668 853 pro
1706 814 1793 842 uno
1833 803 1888 844 sit
1927 806 2010 857 et0)

247 861 407 902 cedere
456 873 538 914 pro
588 859 848 915 quolibetd),
898 876 999 905 nam
1041 863 1168 906 aliter
1209 879 1298 908 non
1340 871 1596 921 sequeretur
1638 871 1754 924 unio,
1803 874 1851 914 ut
1891 875 2013 927 patet

172 910 232 976 v10
248 945 303 973 ex
336 931 478 974 dictis.
491 932 526 988 1)

367 1003 470 1046 Non
522 1003 726 1061 tetigi13)
774 1004 891 1047 viam
934 1006 1126 1058 iustitie,
1181 1021 1266 1062 que
1315 1023 1446 1052 exosa
1486 1013 1552 1053 est
1594 1013 1718 1055 malis
1771 1016 1812 1055 et
1865 1015 2012 1058 clectis

246 1075 464 1129 preciosa,
504 1089 592 1129 qua
635 1077 853 1130 spoliatus
896 1078 1079 1131 prim00)
1120 1079 1251 1121 debet
1288 1081 1474 1134 restitui,
1515 1096 1645 1136 quam
1683 1086 1834 1126 contra
1868 1087 2012 1139 ipsum

246 1146 418 1201 aliquid
441 1149 732 1202 proponatur,
767 1151 811 1190 et
843 1162 922 1202 per
956 1164 1090 1203 quam
1123 1150 1219 1204 ipso
1252 1151 1347 1193 iure
1379 1153 1519 1194 omnis
1553 1154 1706 1197 electio
1736 1158 1927 1199 secunda
1950 1160 2014 1200 est

247 1218 428 1272 penitus
462 1220 598 1271 nulla,
633 1219 716 1261 nisi
750 1220 876 1274 prius
907 1222 1052 1275 prima
1074 1235 1153 1275 per
1176 1222 1490 1280 sententiamf)
1513 1228 1721 1278 cassetur,
1755 1241 1839 1281 que
1862 1228 2012 1282 utique

179 1292 231 1334 15
249 1292 412 1346 essetg)
443 1291 516 1333 via
548 1291 681 1344 regia,
713 1294 756 1333 et
781 1292 983 1334 dominus
1007 1296 1203 1349 nostcr⁰>
1226 1307 1342 1347 papa
1365 1295 1599 1349 Gregorius
1622 1299 1736 1339 esset
1760 1298 2011 1352 dispositus,

248 1375 348 1404 mox
382 1363 632 1413 restitutus,
667 1364 823 1405 cedere
856 1364 1116 1418 simpliciter
1149 1367 1190 1407 et
1224 1366 1436 1409 absolute.

367 1434 496 1475 Nunc
535 1434 687 1476 videat
727 1437 877 1477 vestra
918 1435 1235 1490 circumspecta
1273 1438 1499 1490 maiestas,
1548 1439 1654 1493 quid
1699 1441 1887 1494 amplius
1934 1455 2012 1495 per

247 1507 453 1548 sanctum
493 1508 537 1548 et
577 1506 746 1548 iustum
786 1507 928 1549 virum
961 1508 1103 1561 possit
1133 1508 1231 1549 fieri
1264 1511 1326 1561 et,
1366 1510 1416 1550 ut
1452 1509 1512 1550 sic
1546 1510 1711 1564 loquar,
1751 1511 1845 1565 ipse
1877 1512 2012 1554 maior

246 1579 480 1632 promptus
533 1580 600 1620 est
645 1579 759 1620 bene
814 1579 1060 1621 consulenti
1111 1580 1290 1622 obedire
1331 1580 1440 1633 filio,
1481 1581 1624 1634 vobis,
1667 1581 2011 1635 singularissimo

175 1652 232 1694 ΞΟ
246 1649 425 1691 domino
458 1664 570 1693 meo.

247 1814 324 1859 68.
371 1815 509 1857 Jakob
534 1817 582 1858 (le
608 1815 786 1872 Camplo,
821 1816 1000 1857 Auditor
1031 1832 1063 1856 S.
1101 1816 1277 1867 Palaeis,
1301 1817 1471 1871 fordere
1498 1815 1738 1871 Siffl‘smuml
1766 1819 1821 1857 im
1852 1815 2009 1859 Nomen

246 1884 420 1928 Italie‘ns
458 1887 547 1943 auf,
592 1886 699 1929 Rom
738 1888 825 1928 mul
861 1888 938 1929 den
976 1888 1256 1928 &alieniso-leon
1291 1887 1461 1928 Scddten
1501 1888 1603 1928 nacla
1643 1887 1905 1943 Reendiyzmy
1942 1889 2010 1928 (les

246 1957 417 2000 Konzz'ls
459 1959 523 2001 die
555 1957 742 2001 Freilzev't
779 1975 831 2000 zu
861 1960 1103 2014 verschat-[fen
1143 1960 1229 2000 und
1266 1959 1498 2000 iibersendet
1527 1959 1611 1999 ilem
1643 1958 1811 2000 Glossen
1841 1974 1891 1999 zu
1922 1959 2010 1999 dem

662 2029 888 2072 Sclcreiben
918 2030 1159 2073 Dominicis.
1225 2029 1355 2084 (1414
1391 2029 1604 2085 Sommer.)

176 2129 231 2170 25
318 2125 352 2158 B
377 2137 440 2160 aus
471 2124 554 2160 Cod.
587 2125 778 2160 Vaticanus
805 2125 899 2159 5608
914 2126 983 2171 fol.
1010 2124 1125 2159 2351).
1153 2125 1216 2158 (lar
1248 2124 1356 2158 l'ate'k.
1384 2123 1591 2156 Bibliothak.

367 2234 660 2276 Serenissime
682 2234 935 2288 principum
959 2235 1001 2275 et
1024 2232 1332 2287 augustissime
1355 2232 1500 2281 Cesar,
1524 2244 1653 2284 quem
1677 2231 1802 2272 anxie
1827 2228 2007 2281 R01na2)

247 2307 376 2347 vocat
409 2305 639 2359 totiusque
663 2306 789 2348 Italie
825 2307 955 2347 urbes
989 2308 1033 2347 et
1065 2305 1198 2358 opida
1231 2305 1278 2345 ut
1311 2316 1460 2344 carum
1492 2301 1707 2343 libertatis
1741 2300 2008 2342 defensorem

245 2376 631 2430 promptissimum
655 2379 895 2430 expectant
926 2376 1060 2418 veluti
1094 2376 1246 2417 celitus
1280 2374 1342 2416 eis
1366 2374 1562 2415 missum.
1624 2372 1761 2413 Rome
1784 2371 1912 2417 enim,
1944 2371 2009 2411 in-

247 2447 476 2489 clitissime
508 2447 701 2500 domine,
735 2448 937 2502 quamvis
960 2448 1123 2500 ubique
1146 2447 1326 2487 menbra
1351 2443 1487 2499 tam¹¹)
1512 2457 1692 2496 regnum
1716 2445 1757 2483 ct
1780 2442 2010 2494 imperium

176 2523 233 2565 30
247 2519 406 2571 habes,
469 2517 580 2574 ibii)
631 2521 708 2562 tue
758 2521 892 2574 caput
936 2519 1133 2561 invenies
1183 2516 1447 2560 monarchie.
1532 2514 1601 2556 Ad
1650 2527 1781 2567 quam
1833 2514 2009 2565 peracto

365 2695 395 2729 a)
417 2694 548 2722 solvere
568 2694 691 2722 habeat
711 2695 749 2721 D.
789 2695 821 2728 b)
842 2687 982 2729 possunt
1003 2695 1040 2720 D.
1079 2695 1107 2726 c)
1129 2692 1215 2719 Fehlt
1237 2692 1273 2718 Ι).
1312 2691 1343 2725 (1)
1365 2690 1429 2717 alio
1452 2691 1480 2717 Ο.
1517 2692 1546 2722 e)
1568 2689 1645 2715 Dem
1669 2687 1761 2714 Sinna
1787 2686 1869 2713 nach
1897 2687 2008 2712 miisste

245 2743 340 2778 prius
359 2743 474 2770 stehew
516 2742 541 2776 f)
561 2749 621 2777 per
641 2743 723 2769 sent.
742 2741 850 2777 prima
869 2743 908 2769 D.
951 2743 983 2776 g)
1004 2742 1056 2768 est
1075 2741 1113 2767 D.
1151 2740 1183 2774 h)
1204 2740 1271 2766 tam
1290 2739 1347 2765 mit
1366 2737 1471 2765 Str-ich
1489 2737 1567 2763 iiber
1586 2743 1617 2762 m
1637 2734 1674 2763 ob
1695 2733 1840 2761 tantuin?
1878 2733 1900 2767 i)
1920 2732 2008 2766 Folyt

246 2798 311 2826 que
329 2790 529 2825 ilberslv'zaeiy.

369 2851 395 2895 ¹)
426 2849 560 2884 Die-ser
599 2848 787 2883 Absclmitt
825 2849 903 2894 yibt
936 2848 1118 2883 inlzaltliclz
1161 2847 1215 2880 die
1267 2842 1558 2879 lbllmacletsbulle
1590 2841 1658 2886 fiir
1683 2838 1896 2885 ‘Siyismund
1932 2849 2008 2871 vom

176 2917 232 2959 35
248 2910 353 2945 Miirz
379 2908 473 2943 1415
496 2908 578 2954 (Nr.
604 2909 664 2953 66)
687 2909 830 2943 wieder.

368 2969 395 3016 ⁴²)
428 2968 534 3003 Wenn
558 2967 648 3002 Rom
678 2968 745 3002 den
774 2966 889 3002 Οᾶεαφ·
920 2967 1092 3013 dnystlich
1119 2965 1197 3011 rust
1225 2965 1278 2998 als
1304 2963 1422 3009 semera
1447 2961 1622 3006 Befrciem
1654 2970 1691 2992 so
1718 2957 1808 2991 kann
1832 2956 1895 2990 das
1921 2955 2006 2989 doch

245 3040 314 3064 nur
338 3029 376 3063 in
401 3029 500 3063 einer
525 3027 611 3062 Zeit
632 3026 866 3070 vorle-ommen,
899 3027 937 3060 in
962 3027 1026 3061 der
1052 3037 1088 3060 es
1114 3025 1212 3059 nicht
1234 3024 1270 3057 in
1293 3022 1359 3056 (len
1384 3020 1531 3054 Iliinden
1555 3019 1615 3053 (les
1642 3017 1789 3063 Papstes
1814 3015 1870 3049 ist.
1919 3014 2005 3048 Also

245 3089 325 3123 hier
348 3099 417 3123 von
443 3086 537 3121 1413
560 3087 647 3121 ιῘιιιιί
670 3085 694 3120 8
719 3086 771 3121 bis
796 3085 897 3120 Ende
924 3084 1028 3119 1414.
1643 3135 1730 3178 18*
