2216 3432
247 163 332 204 314¹
567 169 628 206 ΙΙΙ.
654 167 852 203 Abschnitt.
902 164 1176 210 Vorgeschichte
1201 164 1262 198 des
1287 164 1512 198 Konstanzer
1535 162 1693 199 Konzils.

245 292 323 320 seu
361 277 610 319 dicerentur
650 287 731 328 per
763 273 909 327 ipsum
942 271 1169 313 dominum
1203 271 1403 312 nostrum
1436 270 1482 311 et
1514 282 1659 324 regem
1692 268 1927 323 Aragonie,
1961 270 2008 312 et

245 350 373 404 plene
410 346 631 389 informati
673 345 727 386 de
770 356 921 386 eorum
962 341 1213 384 intencione
1255 343 1440 395 possent
1480 340 1600 395 loqui
1633 339 1772 394 magis
1804 339 2007 395 specifice

246 433 344 461 cum
382 418 549 472 prefato
592 429 691 470 rege
732 414 989 463 Landislao,
1040 414 1084 454 et
1123 412 1186 453 sic
1227 411 1333 454 dicti
1385 412 1708 455 ambaxiatores
1753 411 2008 455 habuerunt

246 489 406 531 reverti
448 489 501 530 de
541 486 820 528 Barchinona
863 485 917 525 ad
959 485 1208 535 Dertusam,
1242 481 1318 524 ubi
1362 482 1569 524 dominus
1603 483 1753 524 noster
1793 495 1894 524 cum
1925 496 2006 526 suo

246 560 365 602 curia
398 559 626 600 residebat.
2022 554 2047 596 5

364 630 530 671 Deinde
575 629 727 682 prefati
771 628 973 669 dominus
1007 627 1156 667 noster
1189 626 1231 666 et
1266 637 1339 665 rex
1372 623 1592 677 Aragonie
1625 626 1927 666 convenerunt
1960 625 2007 667 in

246 701 473 755 Morellal)
513 702 554 741 et
586 701 813 741 tractando
855 698 908 739 de
954 697 1077 739 sactis
1115 694 1325 749 predictis
1365 696 1408 736 et
1446 693 1621 736 unionis
1660 697 1813 737 sancte
1853 695 2006 737 matris

247 771 427 813 ecclesie
462 771 675 811 venerunt
719 768 897 822 llOva,‘·³)
937 767 1157 821 quomodo
1199 766 1383 807 illustris
1426 778 1501 806 rex
1543 764 1804 808 Laudislaus
1845 766 2007 808 transi-

245 843 369 882 verat
401 842 454 882 de
487 841 568 882 lioc
601 840 765 882 mundo
799 840 851 881 ad
888 841 1039 880 Deum.
1104 837 1276 888 Quibus
1309 835 1470 878 auditis
1502 836 1646 878 dictus
1681 850 1756 878 rex
1788 836 2007 891 Aragonie

246 925 340 953 cum
383 911 597 952 instancia
630 910 864 964 requisitus
897 923 974 963 per
998 908 1233 950 Catalanos
1267 908 1320 949 de
1352 907 1544 948 tenendo
1578 906 1642 948 eis
1676 908 1821 950 curias
1854 907 2007 950 habuit
2026 909 2079 950 10

246 983 403 1023 festine
446 982 648 1023 recedere
687 995 710 1022 a
744 981 918 1022 domino
952 982 1104 1021 nostro
1138 979 1233 1020 sine
1267 991 1335 1028 e0‚
1377 978 1496 1032 quod
1527 977 1693 1032 aliquid
1727 978 1862 1020 suerit
1893 979 2007 1033 pub-

247 1052 472 1107 licatum-²)
513 1053 566 1092 de
605 1051 702 1102 hiis,
742 1065 827 1105 qne
870 1051 1165 1101 contulerant,
1206 1049 1394 1092 maxime
1437 1049 1556 1103 quod
1603 1051 1803 1103 tangeret
1841 1049 2005 1091 dictum

247 1137 389 1177 regem
426 1123 707 1164 Landislaum
740 1123 806 1164 vel
840 1123 979 1176 ipsam
1016 1122 1224 1175 reginam.

363 1194 450 1234 Sed
483 1193 586 1246 quia
628 1194 830 1234 dominus
865 1195 1011 1234 noster
1044 1206 1215 1234 summe
1249 1192 1485 1233 affectabat
1517 1191 1684 1232 bonum
1716 1191 1761 1232 in
1794 1191 2008 1233 honorem

241 1264 346 1304 dicti
400 1264 508 1316 regis
563 1263 778 1305 Landislai
836 1264 976 1305 fratris
1028 1264 1093 1304 sni
1147 1277 1226 1304 nec
1272 1276 1358 1303 non
1412 1262 1624 1303 honorem
1674 1264 1717 1303 et
1767 1262 2007 1304 utilitatem
2026 1263 2076 1304 15

247 1334 393 1387 regine
432 1335 624 1388 predicte
666 1337 707 1375 et
745 1334 971 1385 affectum,
1010 1347 1142 1387 quem
1186 1333 1377 1375 habebat
1417 1333 1471 1374 ad
1515 1346 1674 1386 regem,
1716 1333 1852 1374 habet
1889 1345 2007 1375 nunc

247 1405 300 1445 ad
351 1405 544 1457 reginam
586 1405 827 1458 predictam
868 1405 1159 1458 duplicatum,
1210 1404 1363 1446 dolens
1404 1402 1589 1445 nimium
1632 1403 1687 1445 de
1721 1405 1861 1446 morte
1903 1403 2006 1446 dicti

247 1474 358 1527 regis
407 1474 629 1516 Landislai
675 1474 846 1526 statim,
891 1476 937 1516 ut
979 1475 1223 1529 prefertur,
1271 1474 1428 1526 voluit,
1470 1474 1590 1528 quod
1633 1474 1776 1515 dictus
1815 1473 2005 1516 Didacus

246 1544 327 1586 iret
383 1546 436 1587 ad
489 1545 680 1597 reginam
733 1546 874 1599 ipsam
929 1548 973 1587 et
1021 1560 1071 1587 ex
1124 1548 1249 1600 parte
1299 1545 1439 1599 ipsius
1491 1544 1658 1586 domini
1711 1545 1850 1587 nostri
1901 1558 2005 1588 con-

246 1614 426 1656 fortaret
469 1630 586 1667 eam,
629 1616 853 1658 offerendo
898 1617 980 1657 sibi
1026 1631 1077 1657 ex
1126 1618 1253 1671 parte
1307 1616 1448 1669 ipsius
1495 1615 1661 1657 domini
1707 1616 1841 1658 nostri
1890 1618 2077 1671 papeflO

246 1685 619 1728 confirmationem
666 1687 783 1739 regni
832 1687 1131 1741 Neapolitani,
1184 1687 1256 1728 ubi
1314 1687 1417 1728 velit
1464 1699 1776 1741 recognoscere
1822 1700 2005 1741 regnum

244 1755 388 1809 ipsum
428 1759 577 1798 tenere
617 1771 695 1810 pro
738 1758 921 1799 ecclesia
959 1759 1161 1799 Romana
1202 1759 1246 1799 et
1285 1757 1463 1800 domino
1509 1759 1674 1809 nostro,
1713 1771 1794 1800 nec
1835 1770 1923 1800 non
1963 1759 2007 1800 et

245 1827 390 1868 omnia
424 1827 510 1879 illa,
549 1842 634 1881 quc
674 1828 879 1870 dominus
913 1831 1064 1870 noster
1102 1842 1182 1883 pro
1215 1829 1385 1871 honore
1418 1842 1499 1870 suo
1532 1828 1674 1870 facere
1706 1828 1885 1883 poterit,
1918 1841 2006 1882 que

244 1897 336 1950 ipse
370 1899 510 1939 facere
543 1901 607 1939 est
641 1901 821 1952 paratus
854 1900 970 1941 bono
1005 1901 1148 1941 eorde.

363 1968 417 2009 Et
450 1968 485 2009 si
519 1969 751 2023 contingat,
796 1972 913 2024 quod
948 1971 1097 2024 regina
1131 1984 1219 2012 non
1252 1972 1319 2012 est
1350 1970 1394 2012 in
1428 1971 1661 2013 concordia
1683 1983 1784 2013 cum
1806 1971 2006 2014 Jolianne.
2021 1971 2075 2013 025

244 2038 425 2091 intrusO,
479 2041 625 2081 tamen
669 2043 735 2082 est
777 2042 821 2083 in
861 2044 1051 2083 tractatu
1096 2043 1355 2090 concordie,
1396 2042 1580 2084 instabit
1624 2041 1770 2084 dictus
1814 2041 2006 2084 Didacus

244 2109 361 2161 apud
400 2110 540 2162 ipsam
585 2113 628 2152 et
670 2125 773 2154 suos
806 2113 1093 2164 consiliarios,
1140 2113 1258 2167 quod
1293 2127 1380 2155 non
1413 2113 1650 2155 concordet
1687 2126 1788 2155 cum
1820 2126 1872 2156 eo
1906 2125 2006 2155 nar-

244 2180 379 2220 rando
419 2182 719 2223 condicionem
760 2186 801 2225 et
840 2197 975 2237 opera
1015 2184 1129 2226 mala
1170 2183 1310 2239 ipsius
1342 2183 1556 2226 Joliannis
1588 2183 1695 2226 satis
1728 2184 1809 2226 toti
1842 2183 2006 2226 mundo

242 2250 413 2296 notoria
452 2253 496 2292 et
537 2252 764 2306 signantur
808 2254 1056 2306 inimicicie,
1097 2268 1208 2309 quas
1256 2255 1412 2297 habuit
1452 2268 1551 2297 cum
1595 2256 1731 2298 fratre
1778 2267 1859 2296 suo
1904 2267 2005 2308 rege

246 2319 493 2370 Landislao,
535 2337 634 2364 cum
677 2325 879 2366 dominus
919 2328 1084 2377 noster,
1134 2329 1184 2368 ut
1222 2339 1361 2381 supra
1401 2326 1568 2368 dictum
1605 2326 1688 2378 est,
1735 2324 1793 2368 sit
1823 2327 2006 2379 paratus
2021 2326 2079 2368 30

244 2390 348 2432 dare
379 2392 462 2433 sihi
493 2407 666 2435 omnem
700 2394 909 2447 savorem,
942 2410 1074 2450 quem
1106 2396 1281 2451 poterit.
1346 2398 1392 2440 Si
1432 2408 1538 2439 vero
1570 2397 1754 2448 constet,
1799 2395 1917 2450 quod
1949 2396 2007 2438 sit

243 2461 289 2502 in
321 2463 564 2514 concordia,
604 2466 720 2507 dicet
752 2466 835 2507 sibi
868 2466 1014 2509 dictus
1038 2468 1244 2520 Didaeus,
1279 2469 1400 2523 quod
1432 2481 1549 2523 papa
1580 2480 1670 2510 non
1701 2467 1854 2518 credit,
1887 2466 2007 2521 quod

243 2530 337 2584 ipsa
365 2534 612 2576 voluntarie
644 2538 974 2580 concordaverit
1006 2552 1106 2580 cum
1140 2538 1258 2582 dicto
1291 2539 1491 2582 Johanne
1524 2551 1603 2581 suo
1634 2541 1678 2581 et
1709 2551 1890 2581 suorum
1922 2536 2008 2579 ini-

245 2602 378 2653 mico,
420 2617 500 2645 nec
539 2609 708 2658 sperat,
748 2609 867 2660 quod
906 2609 999 2662 ipse
1041 2622 1237 2663 unquam
1279 2610 1410 2652 faeiat
1447 2609 1534 2652 sibi
1566 2610 1683 2652 bona
1714 2621 1869 2663 opera,
1908 2620 2007 2662 ymo

244 2673 361 2725 quod
393 2687 509 2715 nunc
541 2676 672 2718 debet
705 2678 842 2731 magis
874 2693 1030 2721 cavere
1063 2680 1118 2722 ab
1152 2680 1250 2734 ipso
1282 2694 1416 2735 quam
1449 2681 1579 2723 antea
1609 2682 1654 2723 et
1686 2677 2076 2732 consulit’sibi‚35

364 2838 388 2880 ¹)
419 2837 490 2883 Vyt.
515 2839 670 2874 (lariiber
696 2841 783 2876 oben
808 2842 1009 2889 Einlet'euny
1036 2844 1107 2878 und
1130 2849 1233 2879 unten
1257 2845 1314 2879 die
1341 2845 1578 2880 Aktenstiicke
1604 2844 1672 2880 Nr.
1696 2843 1743 2879 84
1749 2843 1793 2892 ff

362 2907 388 2950 ²)
416 2907 512 2941 Nat-h
538 2910 602 2943 der
631 2910 783 2945 Chronik
813 2912 874 2947 des
900 2912 1032 2959 Kiiniys
1058 2914 1153 2948 ιΙιιιιη
1180 2914 1269 2961 Kap.
1299 2914 1341 2949 11
1374 2915 1453 2950 leam
1482 2915 1538 2950 die
1565 2914 1763 2950 Naehre'chc
1791 2914 1829 2949 in
1854 2913 2008 2949 Merena

243 2964 334 2997 wohl
354 2976 399 2998 zu
426 2966 565 3013 Anfanq
593 2968 798 3015 September
822 2983 879 3008 an.

362 3035 389 3080 ⁸)
426 3035 491 3084 Vyl.
515 3049 561 3072 zu
584 3039 702 3076 dieser
727 3041 947 3090 Bemerkunq
970 3043 1026 3078 die
1055 3043 1162 3079 Notiz
1188 3043 1229 3081 S.
1253 3044 1325 3081 339
1348 3044 1450 3082 ΑΜ.
1474 3043 1510 3082 2.
