<?xml version="1.0" encoding="UTF-8"?>
<!DOCTYPE html PUBLIC "-//W3C//DTD XHTML 1.0 Transitional//EN"
    "http://www.w3.org/TR/xhtml1/DTD/xhtml1-transitional.dtd">
<html xmlns="http://www.w3.org/1999/xhtml" xml:lang="en" lang="en">
 <head>
  <title>
</title>
<meta http-equiv="Content-Type" content="text/html;charset=utf-8" />
  <meta name='ocr-system' content='tesseract 3.04.00' />
  <meta name='ocr-capabilities' content='ocr_page ocr_carea ocr_par ocr_line ocrx_word'/>
</head>
<body>
  <div class='ocr_page' id='page_1' title='image "./actaconciliicons01counuoft_0285.png"; bbox 0 0 2216 3432; ppageno 0'>
   <div class='ocr_carea' id='block_1_1' title="bbox 0 2711 47 3432">
    <p class='ocr_par' dir='ltr' id='par_1_1' title="bbox 0 2711 47 3432">
     <span class='ocr_line' id='line_1_1' title="bbox 0 2711 47 3432; baseline 0 0"><span class='ocrx_word' id='word_1_1' title='bbox 0 2711 47 3432; x_wconf 95' lang='lat' dir='ltr'> </span> 
     </span>
    </p>
   </div>
   <div class='ocr_carea' id='block_1_2' title="bbox 429 160 1977 224">
    <p class='ocr_par' dir='ltr' id='par_1_2' title="bbox 429 160 1977 224">
     <span class='ocr_line' id='line_1_2' title="bbox 429 160 1977 224; baseline 0.016 -27"><span class='ocrx_word' id='word_1_2' title='bbox 429 161 470 197; x_wconf 89' lang='lat' dir='ltr'>B.</span> <span class='ocrx_word' id='word_1_3' title='bbox 509 160 662 208; x_wconf 86' lang='lat' dir='ltr'>Gregors</span> <span class='ocrx_word' id='word_1_4' title='bbox 681 163 763 201; x_wconf 90' lang='lat' dir='ltr'>XII.</span> <span class='ocrx_word' id='word_1_5' title='bbox 783 164 945 212; x_wconf 83' lang='lat' dir='ltr'>Stellung</span> <span class='ocrx_word' id='word_1_6' title='bbox 970 179 1047 203; x_wconf 89' lang='lat' dir='ltr'>zum</span> <span class='ocrx_word' id='word_1_7' title='bbox 1067 169 1192 205; x_wconf 86' lang='lat' dir='ltr'>Konzil</span> <span class='ocrx_word' id='word_1_8' title='bbox 1218 173 1271 207; x_wconf 84' lang='lat' dir='ltr'>bis</span> <span class='ocrx_word' id='word_1_9' title='bbox 1297 185 1358 208; x_wconf 83' lang='lat' dir='ltr'>zur</span> <span class='ocrx_word' id='word_1_10' title='bbox 1376 175 1577 224; x_wconf 66' lang='lat' dir='ltr'>Erssffnung.</span> <span class='ocrx_word' id='word_1_11' title='bbox 1616 180 1675 217; x_wconf 84' lang='lat' dir='ltr'>Nr.</span> <span class='ocrx_word' id='word_1_12' title='bbox 1702 184 1757 220; x_wconf 89' lang='lat'>66.</span> <span class='ocrx_word' id='word_1_13' title='bbox 1899 174 1977 218; x_wconf 65' lang='lat'>271</span> 
     </span>
    </p>
   </div>
   <div class='ocr_carea' id='block_1_3' title="bbox 0 0 201 321">
    <p class='ocr_par' dir='ltr' id='par_1_3' title="bbox 0 0 201 321">
     <span class='ocr_line' id='line_1_3' title="bbox 0 0 201 321; baseline 0 3111"><span class='ocrx_word' id='word_1_14' title='bbox 0 0 201 321; x_wconf 95' lang='lat' dir='ltr'> </span> 
     </span>
    </p>
   </div>
   <div class='ocr_carea' id='block_1_4' title="bbox 219 268 1999 406">
    <p class='ocr_par' dir='ltr' id='par_1_4' title="bbox 219 268 1999 406">
     <span class='ocr_line' id='line_1_4' title="bbox 219 268 1999 335; baseline 0.014 -25"><span class='ocrx_word' id='word_1_15' title='bbox 219 270 264 312; x_wconf 87' lang='lat' dir='ltr'>et</span> <span class='ocrx_word' id='word_1_16' title='bbox 297 268 508 312; x_wconf 89' lang='lat' dir='ltr'>unionem</span> <span class='ocrx_word' id='word_1_17' title='bbox 539 269 586 312; x_wconf 91' lang='lat' dir='ltr'>in</span> <span class='ocrx_word' id='word_1_18' title='bbox 618 271 804 315; x_wconf 84' lang='lat' dir='ltr'>ecclesia</span> <span class='ocrx_word' id='word_1_19' title='bbox 842 276 996 317; x_wconf 88' lang='lat' dir='ltr'>sancta</span> <span class='ocrx_word' id='word_1_20' title='bbox 1029 277 1121 328; x_wconf 84' lang='lat' dir='ltr'>Dei,</span> <span class='ocrx_word' id='word_1_21' title='bbox 1166 292 1339 334; x_wconf 89' lang='lat' dir='ltr'>semper</span> <span class='ocrx_word' id='word_1_22' title='bbox 1370 284 1413 324; x_wconf 87' lang='lat' dir='ltr'>et</span> <span class='ocrx_word' id='word_1_23' title='bbox 1442 284 1660 330; x_wconf 86' lang='lat' dir='ltr'>horrenda</span> <span class='ocrx_word' id='word_1_24' title='bbox 1699 289 1902 334; x_wconf 80' lang='lat' dir='ltr'>scismata</span> <span class='ocrx_word' id='word_1_25' title='bbox 1939 292 1999 335; x_wconf 48' lang='lat' dir='ltr'>in&gt;</span> 
     </span>
     <span class='ocr_line' id='line_1_5' title="bbox 219 341 1983 406; baseline 0.012 -23"><span class='ocrx_word' id='word_1_26' title='bbox 219 354 284 392; x_wconf 82' lang='lat' dir='ltr'>ea,</span> <span class='ocrx_word' id='word_1_27' title='bbox 318 341 457 395; x_wconf 89' lang='lat' dir='ltr'>proch</span> <span class='ocrx_word' id='word_1_28' title='bbox 490 341 629 394; x_wconf 76' lang='lat' dir='ltr'>dolor,</span> <span class='ocrx_word' id='word_1_29' title='bbox 670 355 788 385; x_wconf 92' lang='lat' dir='ltr'>nunc</span> <span class='ocrx_word' id='word_1_30' title='bbox 822 344 1017 399; x_wconf 84' lang='lat' dir='ltr'>vigencia</span> <span class='ocrx_word' id='word_1_31' title='bbox 1049 349 1300 404; x_wconf 79' lang='lat' dir='ltr'>extinguere</span> <span class='ocrx_word' id='word_1_32' title='bbox 1333 366 1410 406; x_wconf 89' lang='lat' dir='ltr'>per</span> <span class='ocrx_word' id='word_1_33' title='bbox 1441 368 1613 399; x_wconf 86' lang='lat' dir='ltr'>omnem</span> <span class='ocrx_word' id='word_1_34' title='bbox 1646 359 1757 401; x_wconf 87' lang='lat' dir='ltr'>viam</span> <span class='ocrx_word' id='word_1_35' title='bbox 1791 362 1983 405; x_wconf 87' lang='lat' dir='ltr'>raciona-</span> 
     </span>
    </p>
   </div>
   <div class='ocr_carea' id='block_1_5' title="bbox 142 411 1985 2528">
    <p class='ocr_par' dir='ltr' id='par_1_5' title="bbox 142 411 1985 2528">
     <span class='ocr_line' id='line_1_6' title="bbox 218 411 1982 486; baseline 0.012 -32"><span class='ocrx_word' id='word_1_36' title='bbox 218 411 375 465; x_wconf 89' lang='lat' dir='ltr'>bilem,</span> <span class='ocrx_word' id='word_1_37' title='bbox 418 426 508 467; x_wconf 86' lang='lat' dir='ltr'>qua</span> <span class='ocrx_word' id='word_1_38' title='bbox 539 426 792 467; x_wconf 81' lang='lat' dir='ltr'>possumUS‚</span> <span class='ocrx_word' id='word_1_39' title='bbox 834 429 974 470; x_wconf 89' lang='lat' dir='ltr'>usque</span> <span class='ocrx_word' id='word_1_40' title='bbox 1016 420 1070 460; x_wconf 89' lang='lat' dir='ltr'>ad</span> <span class='ocrx_word' id='word_1_41' title='bbox 1109 423 1513 468; x_wconf 85' lang='lat' dir='ltr'>renuncciacionem</span> <span class='ocrx_word' id='word_1_42' title='bbox 1554 430 1749 472; x_wconf 88' lang='lat' dir='ltr'>canonici</span> <span class='ocrx_word' id='word_1_43' title='bbox 1797 436 1982 486; x_wconf 89' lang='lat' dir='ltr'>papatus</span> 
     </span>
     <span class='ocr_line' id='line_1_7' title="bbox 218 483 1983 553; baseline 0.013 -30"><span class='ocrx_word' id='word_1_44' title='bbox 218 483 359 525; x_wconf 77' lang='lat' dir='ltr'>nostri</span> <span class='ocrx_word' id='word_1_45' title='bbox 391 483 608 526; x_wconf 84' lang='lat' dir='ltr'>inclusive</span> <span class='ocrx_word' id='word_1_46' title='bbox 641 486 686 526; x_wconf 84' lang='lat' dir='ltr'>et</span> <span class='ocrx_word' id='word_1_47' title='bbox 717 499 796 540; x_wconf 86' lang='lat' dir='ltr'>per</span> <span class='ocrx_word' id='word_1_48' title='bbox 828 486 1030 530; x_wconf 80' lang='lat' dir='ltr'>effectum</span> <span class='ocrx_word' id='word_1_49' title='bbox 1064 491 1209 544; x_wconf 89' lang='lat' dir='ltr'>operis</span> <span class='ocrx_word' id='word_1_50' title='bbox 1241 494 1324 535; x_wconf 89' lang='lat' dir='ltr'>hoc</span> <span class='ocrx_word' id='word_1_51' title='bbox 1355 497 1588 539; x_wconf 76' lang='lat' dir='ltr'>ostendere</span> <span class='ocrx_word' id='word_1_52' title='bbox 1622 501 1862 553; x_wconf 81' lang='lat' dir='ltr'>cupientes,</span> <span class='ocrx_word' id='word_1_53' title='bbox 1900 504 1983 545; x_wconf 87' lang='lat' dir='ltr'>isto</span> 
     </span>
     <span class='ocr_line' id='line_1_8' title="bbox 177 554 1984 623; baseline 0.012 -28"><span class='ocrx_word' id='word_1_54' title='bbox 177 554 456 610; x_wconf 87' lang='lat' dir='ltr'>5presertim</span> <span class='ocrx_word' id='word_1_55' title='bbox 480 557 693 611; x_wconf 85' lang='lat' dir='ltr'>tempore,</span> <span class='ocrx_word' id='word_1_56' title='bbox 727 570 816 610; x_wconf 88' lang='lat' dir='ltr'>quo</span> <span class='ocrx_word' id='word_1_57' title='bbox 841 559 959 601; x_wconf 89' lang='lat' dir='ltr'>Deus</span> <span class='ocrx_word' id='word_1_58' title='bbox 983 562 1263 615; x_wconf 89' lang='lat' dir='ltr'>omnipotens</span> <span class='ocrx_word' id='word_1_59' title='bbox 1296 566 1471 608; x_wconf 88' lang='lat' dir='ltr'>videtur</span> <span class='ocrx_word' id='word_1_60' title='bbox 1493 569 1603 610; x_wconf 83' lang='lat' dir='ltr'>velle</span> <span class='ocrx_word' id='word_1_61' title='bbox 1626 583 1704 623; x_wconf 87' lang='lat' dir='ltr'>per</span> <span class='ocrx_word' id='word_1_62' title='bbox 1726 574 1798 613; x_wconf 88' lang='lat' dir='ltr'>tue</span> <span class='ocrx_word' id='word_1_63' title='bbox 1821 576 1984 616; x_wconf 86' lang='lat' dir='ltr'>sereni-</span> 
     </span>
     <span class='ocr_line' id='line_1_9' title="bbox 216 625 1983 686; baseline 0.011 -19"><span class='ocrx_word' id='word_1_64' title='bbox 216 625 320 668; x_wconf 89' lang='lat' dir='ltr'>tatis</span> <span class='ocrx_word' id='word_1_65' title='bbox 364 627 560 669; x_wconf 88' lang='lat' dir='ltr'>medium</span> <span class='ocrx_word' id='word_1_66' title='bbox 604 641 684 669; x_wconf 86' lang='lat' dir='ltr'>suo</span> <span class='ocrx_word' id='word_1_67' title='bbox 716 630 882 683; x_wconf 90' lang='lat' dir='ltr'>populo</span> <span class='ocrx_word' id='word_1_68' title='bbox 916 631 1114 674; x_wconf 79' lang='lat' dir='ltr'>misereri</span> <span class='ocrx_word' id='word_1_69' title='bbox 1148 636 1191 675; x_wconf 84' lang='lat' dir='ltr'>et</span> <span class='ocrx_word' id='word_1_70' title='bbox 1222 635 1307 677; x_wconf 88' lang='lat' dir='ltr'>hiis</span> <span class='ocrx_word' id='word_1_71' title='bbox 1340 637 1605 681; x_wconf 89' lang='lat' dir='ltr'>cruciatibus</span> <span class='ocrx_word' id='word_1_72' title='bbox 1637 641 1767 682; x_wconf 84' lang='lat' dir='ltr'>finem</span> <span class='ocrx_word' id='word_1_73' title='bbox 1801 644 1903 685; x_wconf 85' lang='lat' dir='ltr'>dare</span> <span class='ocrx_word' id='word_1_74' title='bbox 1943 648 1983 686; x_wconf 88' lang='lat' dir='ltr'>et</span> 
     </span>
     <span class='ocr_line' id='line_1_10' title="bbox 217 698 1984 762; baseline 0.01 -22"><span class='ocrx_word' id='word_1_75' title='bbox 217 710 346 752; x_wconf 86' lang='lat' dir='ltr'>opem</span> <span class='ocrx_word' id='word_1_76' title='bbox 381 698 462 741; x_wconf 90' lang='lat' dir='ltr'>tibi</span> <span class='ocrx_word' id='word_1_77' title='bbox 494 698 774 742; x_wconf 82' lang='lat' dir='ltr'>committere</span> <span class='ocrx_word' id='word_1_78' title='bbox 806 700 866 742; x_wconf 44' lang='lat' dir='ltr'>in*</span> <span class='ocrx_word' id='word_1_79' title='bbox 885 702 1010 744; x_wconf 88' lang='lat' dir='ltr'>nobis</span> <span class='ocrx_word' id='word_1_80' title='bbox 1043 703 1106 745; x_wconf 79' lang='lat' dir='ltr'>sic</span> <span class='ocrx_word' id='word_1_81' title='bbox 1138 706 1193 746; x_wconf 90' lang='lat' dir='ltr'>ad</span> <span class='ocrx_word' id='word_1_82' title='bbox 1231 706 1312 748; x_wconf 86' lang='lat' dir='ltr'>hoc</span> <span class='ocrx_word' id='word_1_83' title='bbox 1343 707 1530 762; x_wconf 85' lang='lat' dir='ltr'>benigne</span> <span class='ocrx_word' id='word_1_84' title='bbox 1564 712 1608 751; x_wconf 90' lang='lat' dir='ltr'>et</span> <span class='ocrx_word' id='word_1_85' title='bbox 1632 711 1873 755; x_wconf 77' lang='lat' dir='ltr'>efficaciter</span> <span class='ocrx_word' id='word_1_86' title='bbox 1904 715 1984 756; x_wconf 91' lang='lat' dir='ltr'>im-</span> 
     </span>
     <span class='ocr_line' id='line_1_11' title="bbox 216 770 1984 834; baseline 0.01 -24"><span class='ocrx_word' id='word_1_87' title='bbox 216 770 515 826; x_wconf 62' lang='lat' dir='ltr'>pendamusa)</span> <span class='ocrx_word' id='word_1_88' title='bbox 546 772 590 812; x_wconf 88' lang='lat' dir='ltr'>et</span> <span class='ocrx_word' id='word_1_89' title='bbox 621 771 839 814; x_wconf 88' lang='lat' dir='ltr'>habentes</span> <span class='ocrx_word' id='word_1_90' title='bbox 872 772 991 815; x_wconf 89' lang='lat' dir='ltr'>fideli</span> <span class='ocrx_word' id='word_1_91' title='bbox 1025 775 1165 817; x_wconf 89' lang='lat' dir='ltr'>relatu</span> <span class='ocrx_word' id='word_1_92' title='bbox 1200 777 1252 818; x_wconf 91' lang='lat' dir='ltr'>de</span> <span class='ocrx_word' id='word_1_93' title='bbox 1298 779 1374 819; x_wconf 87' lang='lat' dir='ltr'>tue</span> <span class='ocrx_word' id='word_1_94' title='bbox 1407 780 1462 821; x_wconf 90' lang='lat' dir='ltr'>ad</span> <span class='ocrx_word' id='word_1_95' title='bbox 1506 782 1701 834; x_wconf 87' lang='lat' dir='ltr'>predicta</span> <span class='ocrx_word' id='word_1_96' title='bbox 1740 786 1984 828; x_wconf 87' lang='lat' dir='ltr'>screnitatis</span> 
     </span>
     <span class='ocr_line' id='line_1_12' title="bbox 217 840 1984 907; baseline 0.009 -25"><span class='ocrx_word' id='word_1_97' title='bbox 217 840 393 894; x_wconf 71' lang='lat' dir='ltr'>effecffl,</span> <span class='ocrx_word' id='word_1_98' title='bbox 434 854 513 896; x_wconf 90' lang='lat' dir='ltr'>spe</span> <span class='ocrx_word' id='word_1_99' title='bbox 546 844 590 884; x_wconf 87' lang='lat' dir='ltr'>et</span> <span class='ocrx_word' id='word_1_100' title='bbox 630 840 768 898; x_wconf 70' lang='lat' dir='ltr'>fideb)</span> <span class='ocrx_word' id='word_1_101' title='bbox 808 843 1027 887; x_wconf 85' lang='lat' dir='ltr'>maiestati</span> <span class='ocrx_word' id='word_1_102' title='bbox 1067 848 1139 888; x_wconf 89' lang='lat' dir='ltr'>tue</span> <span class='ocrx_word' id='word_1_103' title='bbox 1177 849 1357 902; x_wconf 88' lang='lat' dir='ltr'>proprio</span> <span class='ocrx_word' id='word_1_104' title='bbox 1395 852 1515 893; x_wconf 89' lang='lat' dir='ltr'>motu</span> <span class='ocrx_word' id='word_1_105' title='bbox 1559 853 1831 907; x_wconf 83' lang='lat' dir='ltr'>disponimus</span> <span class='ocrx_word' id='word_1_106' title='bbox 1868 870 1984 898; x_wconf 87' lang='lat' dir='ltr'>com-</span> 
     </span>
     <span class='ocr_line' id='line_1_13' title="bbox 148 912 1985 977; baseline 0.007 -21"><span class='ocrx_word' id='word_1_107' title='bbox 148 912 393 956; x_wconf 88' lang='lat' dir='ltr'>10mittere</span> <span class='ocrx_word' id='word_1_108' title='bbox 439 913 559 955; x_wconf 88' lang='lat' dir='ltr'>vices</span> <span class='ocrx_word' id='word_1_109' title='bbox 608 917 783 957; x_wconf 87' lang='lat' dir='ltr'>nostras</span> <span class='ocrx_word' id='word_1_110' title='bbox 833 918 888 957; x_wconf 86' lang='lat' dir='ltr'>ad</span> <span class='ocrx_word' id='word_1_111' title='bbox 934 918 1009 958; x_wconf 90' lang='lat' dir='ltr'>tue</span> <span class='ocrx_word' id='word_1_112' title='bbox 1054 917 1264 961; x_wconf 85' lang='lat' dir='ltr'>honorem</span> <span class='ocrx_word' id='word_1_113' title='bbox 1313 934 1514 974; x_wconf 77' lang='lat' dir='ltr'>persone,</span> <span class='ocrx_word' id='word_1_114' title='bbox 1564 925 1761 977; x_wconf 75' lang='lat' dir='ltr'>quamvis</span> <span class='ocrx_word' id='word_1_115' title='bbox 1803 927 1985 969; x_wconf 88' lang='lat' dir='ltr'>dilectus</span> 
     </span>
     <span class='ocr_line' id='line_1_14' title="bbox 214 983 1982 1053; baseline 0.007 -28"><span class='ocrx_word' id='word_1_116' title='bbox 214 983 332 1026; x_wconf 86' lang='lat' dir='ltr'>filius</span> <span class='ocrx_word' id='word_1_117' title='bbox 353 986 505 1027; x_wconf 90' lang='lat' dir='ltr'>noster</span> <span class='ocrx_word' id='word_1_118' title='bbox 523 985 686 1027; x_wconf 89' lang='lat' dir='ltr'>nobilis</span> <span class='ocrx_word' id='word_1_119' title='bbox 708 986 775 1028; x_wconf 89' lang='lat' dir='ltr'>vir</span> <span class='ocrx_word' id='word_1_120' title='bbox 795 987 1020 1043; x_wconf 73' lang='lat' dir='ltr'>Carolusl)</span> <span class='ocrx_word' id='word_1_121' title='bbox 1039 989 1092 1030; x_wconf 93' lang='lat' dir='ltr'>de</span> <span class='ocrx_word' id='word_1_122' title='bbox 1110 990 1352 1032; x_wconf 88' lang='lat' dir='ltr'>Malatestis</span> <span class='ocrx_word' id='word_1_123' title='bbox 1371 993 1626 1036; x_wconf 85' lang='lat' dir='ltr'>domicellus</span> <span class='ocrx_word' id='word_1_124' title='bbox 1644 995 1982 1053; x_wconf 62' lang='lat' dir='ltr'>Ariminensis‘),</span> 
     </span>
     <span class='ocr_line' id='line_1_15' title="bbox 215 1056 1983 1115; baseline 0.007 -18"><span class='ocrx_word' id='word_1_125' title='bbox 215 1057 366 1098; x_wconf 87' lang='lat' dir='ltr'>nostre</span> <span class='ocrx_word' id='word_1_126' title='bbox 405 1056 702 1099; x_wconf 88' lang='lat' dir='ltr'>Romandiole</span> <span class='ocrx_word' id='word_1_127' title='bbox 743 1071 824 1111; x_wconf 87' lang='lat' dir='ltr'>pro</span> <span class='ocrx_word' id='word_1_128' title='bbox 868 1059 997 1100; x_wconf 90' lang='lat' dir='ltr'>nobis</span> <span class='ocrx_word' id='word_1_129' title='bbox 1037 1062 1080 1101; x_wconf 87' lang='lat' dir='ltr'>et</span> <span class='ocrx_word' id='word_1_130' title='bbox 1119 1061 1320 1104; x_wconf 86' lang='lat' dir='ltr'>Romana</span> <span class='ocrx_word' id='word_1_131' title='bbox 1362 1065 1545 1106; x_wconf 87' lang='lat' dir='ltr'>ecclesia</span> <span class='ocrx_word' id='word_1_132' title='bbox 1579 1067 1732 1115; x_wconf 79' lang='lat' dir='ltr'>rector,</span> <span class='ocrx_word' id='word_1_133' title='bbox 1772 1068 1827 1108; x_wconf 86' lang='lat' dir='ltr'>ad</span> <span class='ocrx_word' id='word_1_134' title='bbox 1863 1069 1983 1110; x_wconf 88' lang='lat' dir='ltr'>tuam</span> 
     </span>
     <span class='ocr_line' id='line_1_16' title="bbox 215 1127 1983 1193; baseline 0.007 -25"><span class='ocrx_word' id='word_1_135' title='bbox 215 1128 490 1182; x_wconf 81' lang='lat' dir='ltr'>presenciam</span> <span class='ocrx_word' id='word_1_136' title='bbox 510 1141 557 1170; x_wconf 88' lang='lat' dir='ltr'>se</span> <span class='ocrx_word' id='word_1_137' title='bbox 580 1127 848 1171; x_wconf 86' lang='lat' dir='ltr'>conferendo</span> <span class='ocrx_word' id='word_1_138' title='bbox 868 1128 1007 1186; x_wconf 71' lang='lat' dir='ltr'>[de]‘¹)</span> <span class='ocrx_word' id='word_1_139' title='bbox 1028 1132 1224 1184; x_wconf 85' lang='lat' dir='ltr'>presenti</span> <span class='ocrx_word' id='word_1_140' title='bbox 1241 1146 1375 1187; x_wconf 90' lang='lat' dir='ltr'>super</span> <span class='ocrx_word' id='word_1_141' title='bbox 1395 1135 1475 1176; x_wconf 87' lang='lat' dir='ltr'>hoc</span> <span class='ocrx_word' id='word_1_142' title='bbox 1505 1137 1546 1177; x_wconf 87' lang='lat' dir='ltr'>et</span> <span class='ocrx_word' id='word_1_143' title='bbox 1575 1136 1670 1178; x_wconf 88' lang='lat' dir='ltr'>aliis</span> <span class='ocrx_word' id='word_1_144' title='bbox 1688 1139 1983 1193; x_wconf 75' lang='lat' dir='ltr'>mandatum⁰)</span> 
     </span>
     <span class='ocr_line' id='line_1_17' title="bbox 214 1198 1982 1260; baseline 0.006 -20"><span class='ocrx_word' id='word_1_145' title='bbox 214 1212 240 1241; x_wconf 93' lang='lat' dir='ltr'>a</span> <span class='ocrx_word' id='word_1_146' title='bbox 263 1198 393 1241; x_wconf 90' lang='lat' dir='ltr'>nobis</span> <span class='ocrx_word' id='word_1_147' title='bbox 411 1199 638 1241; x_wconf 87' lang='lat' dir='ltr'>sufficiens</span> <span class='ocrx_word' id='word_1_148' title='bbox 658 1198 772 1255; x_wconf 69' lang='lat' dir='ltr'>[et]d)</span> <span class='ocrx_word' id='word_1_149' title='bbox 790 1201 1076 1244; x_wconf 79' lang='lat' dir='ltr'>irrevocabile</span> <span class='ocrx_word' id='word_1_150' title='bbox 1094 1203 1291 1257; x_wconf 80' lang='lat' dir='ltr'>habeat2)</span> <span class='ocrx_word' id='word_1_151' title='bbox 1311 1206 1353 1246; x_wconf 92' lang='lat' dir='ltr'>et</span> <span class='ocrx_word' id='word_1_152' title='bbox 1373 1206 1671 1260; x_wconf 85' lang='lat' dir='ltr'>plenissimam</span> <span class='ocrx_word' id='word_1_153' title='bbox 1691 1209 1982 1250; x_wconf 82' lang='lat' dir='ltr'>securitatem.</span> 
     </span>
     <span class='ocr_line' id='line_1_18' title="bbox 146 1270 1984 1333; baseline 0.005 -21"><span class='ocrx_word' id='word_1_154' title='bbox 146 1271 199 1313; x_wconf 89' lang='lat'>15</span> <span class='ocrx_word' id='word_1_155' title='bbox 214 1270 271 1313; x_wconf 89' lang='lat' dir='ltr'>Et</span> <span class='ocrx_word' id='word_1_156' title='bbox 311 1273 553 1326; x_wconf 82' lang='lat' dir='ltr'>propterea</span> <span class='ocrx_word' id='word_1_157' title='bbox 587 1272 630 1313; x_wconf 89' lang='lat' dir='ltr'>et</span> <span class='ocrx_word' id='word_1_158' title='bbox 662 1272 716 1314; x_wconf 91' lang='lat' dir='ltr'>de</span> <span class='ocrx_word' id='word_1_159' title='bbox 739 1272 1018 1326; x_wconf 87' lang='lat' dir='ltr'>plenitudine</span> <span class='ocrx_word' id='word_1_160' title='bbox 1051 1276 1284 1328; x_wconf 89' lang='lat' dir='ltr'>potestatis</span> <span class='ocrx_word' id='word_1_161' title='bbox 1313 1277 1551 1330; x_wconf 88' lang='lat' dir='ltr'>apostolice</span> <span class='ocrx_word' id='word_1_162' title='bbox 1582 1281 1734 1320; x_wconf 86' lang='lat' dir='ltr'>tenore</span> <span class='ocrx_word' id='word_1_163' title='bbox 1765 1280 1984 1333; x_wconf 89' lang='lat' dir='ltr'>presenci-</span> 
     </span>
     <span class='ocr_line' id='line_1_19' title="bbox 214 1340 1983 1403; baseline 0.005 -19"><span class='ocrx_word' id='word_1_164' title='bbox 214 1356 290 1384; x_wconf 89' lang='lat' dir='ltr'>um</span> <span class='ocrx_word' id='word_1_165' title='bbox 321 1344 365 1384; x_wconf 87' lang='lat' dir='ltr'>te</span> <span class='ocrx_word' id='word_1_166' title='bbox 397 1340 620 1397; x_wconf 80' lang='lat' dir='ltr'>fecimusf)</span> <span class='ocrx_word' id='word_1_167' title='bbox 650 1346 985 1398; x_wconf 85' lang='lat' dir='ltr'>procuratorem</span> <span class='ocrx_word' id='word_1_168' title='bbox 1017 1346 1345 1389; x_wconf 72' lang='lat' dir='ltr'>irrevocabilem</span> <span class='ocrx_word' id='word_1_169' title='bbox 1380 1349 1423 1389; x_wconf 88' lang='lat' dir='ltr'>et</span> <span class='ocrx_word' id='word_1_170' title='bbox 1455 1349 1684 1403; x_wconf 83' lang='lat' dir='ltr'>specialem</span> <span class='ocrx_word' id='word_1_171' title='bbox 1716 1351 1770 1392; x_wconf 92' lang='lat' dir='ltr'>ad</span> <span class='ocrx_word' id='word_1_172' title='bbox 1799 1364 1983 1392; x_wconf 88' lang='lat' dir='ltr'>renunc-</span> 
     </span>
     <span class='ocr_line' id='line_1_20' title="bbox 214 1413 1985 1474; baseline 0.005 -18"><span class='ocrx_word' id='word_1_173' title='bbox 214 1413 425 1456; x_wconf 67' lang='lat' dir='ltr'>ciendum</span> <span class='ocrx_word' id='word_1_174' title='bbox 468 1414 644 1457; x_wconf 82' lang='lat' dir='ltr'>realiter</span> <span class='ocrx_word' id='word_1_175' title='bbox 687 1416 732 1457; x_wconf 90' lang='lat' dir='ltr'>et</span> <span class='ocrx_word' id='word_1_176' title='bbox 774 1429 875 1457; x_wconf 91' lang='lat' dir='ltr'>cum</span> <span class='ocrx_word' id='word_1_177' title='bbox 914 1416 1073 1458; x_wconf 83' lang='lat' dir='ltr'>effectu</span> <span class='ocrx_word' id='word_1_178' title='bbox 1111 1417 1206 1469; x_wconf 85' lang='lat' dir='ltr'>iuri,</span> <span class='ocrx_word' id='word_1_179' title='bbox 1249 1419 1388 1472; x_wconf 86' lang='lat' dir='ltr'>tytulo</span> <span class='ocrx_word' id='word_1_180' title='bbox 1421 1421 1464 1461; x_wconf 88' lang='lat' dir='ltr'>et</span> <span class='ocrx_word' id='word_1_181' title='bbox 1507 1421 1773 1474; x_wconf 85' lang='lat' dir='ltr'>possessioni</span> <span class='ocrx_word' id='word_1_182' title='bbox 1814 1421 1903 1463; x_wconf 86' lang='lat' dir='ltr'>veri</span> <span class='ocrx_word' id='word_1_183' title='bbox 1941 1425 1985 1464; x_wconf 88' lang='lat' dir='ltr'>et</span> 
     </span>
     <span class='ocr_line' id='line_1_21' title="bbox 214 1485 1983 1543; baseline 0.004 -16"><span class='ocrx_word' id='word_1_184' title='bbox 214 1485 322 1527; x_wconf 89' lang='lat' dir='ltr'>iusti</span> <span class='ocrx_word' id='word_1_185' title='bbox 368 1486 510 1528; x_wconf 87' lang='lat' dir='ltr'>nostri</span> <span class='ocrx_word' id='word_1_186' title='bbox 562 1488 775 1540; x_wconf 85' lang='lat' dir='ltr'>papatus,</span> <span class='ocrx_word' id='word_1_187' title='bbox 820 1500 944 1541; x_wconf 85' lang='lat' dir='ltr'>quos,</span> <span class='ocrx_word' id='word_1_188' title='bbox 991 1502 1122 1542; x_wconf 87' lang='lat' dir='ltr'>quem</span> <span class='ocrx_word' id='word_1_189' title='bbox 1161 1490 1202 1530; x_wconf 91' lang='lat' dir='ltr'>et</span> <span class='ocrx_word' id='word_1_190' title='bbox 1242 1502 1374 1543; x_wconf 88' lang='lat' dir='ltr'>quam</span> <span class='ocrx_word' id='word_1_191' title='bbox 1418 1491 1632 1533; x_wconf 88' lang='lat' dir='ltr'>habemus</span> <span class='ocrx_word' id='word_1_192' title='bbox 1671 1492 1715 1533; x_wconf 87' lang='lat' dir='ltr'>in</span> <span class='ocrx_word' id='word_1_193' title='bbox 1758 1506 1821 1543; x_wconf 74' lang='lat' dir='ltr'>eo,</span> <span class='ocrx_word' id='word_1_194' title='bbox 1861 1492 1897 1533; x_wconf 91' lang='lat' dir='ltr'>si</span> <span class='ocrx_word' id='word_1_195' title='bbox 1941 1495 1983 1534; x_wconf 88' lang='lat' dir='ltr'>et</span> 
     </span>
     <span class='ocr_line' id='line_1_22' title="bbox 216 1557 1982 1615; baseline 0.003 -16"><span class='ocrx_word' id='word_1_196' title='bbox 216 1557 457 1600; x_wconf 90' lang='lat' dir='ltr'>dummodo</span> <span class='ocrx_word' id='word_1_197' title='bbox 509 1557 718 1600; x_wconf 90' lang='lat' dir='ltr'>maiestas</span> <span class='ocrx_word' id='word_1_198' title='bbox 781 1559 859 1601; x_wconf 91' lang='lat' dir='ltr'>tua</span> <span class='ocrx_word' id='word_1_199' title='bbox 905 1558 1047 1601; x_wconf 90' lang='lat' dir='ltr'>simile</span> <span class='ocrx_word' id='word_1_200' title='bbox 1095 1561 1350 1602; x_wconf 85' lang='lat' dir='ltr'>mandatum</span> <span class='ocrx_word' id='word_1_201' title='bbox 1400 1561 1559 1604; x_wconf 90' lang='lat' dir='ltr'>habeat</span> <span class='ocrx_word' id='word_1_202' title='bbox 1605 1576 1682 1615; x_wconf 88' lang='lat' dir='ltr'>per</span> <span class='ocrx_word' id='word_1_203' title='bbox 1736 1563 1881 1605; x_wconf 89' lang='lat' dir='ltr'>omnia</span> <span class='ocrx_word' id='word_1_204' title='bbox 1929 1564 1982 1605; x_wconf 87' lang='lat' dir='ltr'>dc</span> 
     </span>
     <span class='ocr_line' id='line_1_23' title="bbox 142 1628 1981 1687; baseline 0.003 -17"><span class='ocrx_word' id='word_1_205' title='bbox 142 1629 201 1670; x_wconf 72' lang='lat'>20</span> <span class='ocrx_word' id='word_1_206' title='bbox 216 1629 351 1671; x_wconf 87' lang='lat' dir='ltr'>Petro</span> <span class='ocrx_word' id='word_1_207' title='bbox 385 1629 438 1670; x_wconf 94' lang='lat' dir='ltr'>de</span> <span class='ocrx_word' id='word_1_208' title='bbox 462 1628 591 1671; x_wconf 92' lang='lat' dir='ltr'>Luna</span> <span class='ocrx_word' id='word_1_209' title='bbox 612 1629 856 1671; x_wconf 88' lang='lat' dir='ltr'>Benedicto</span> <span class='ocrx_word' id='word_1_210' title='bbox 879 1630 993 1671; x_wconf 91' lang='lat' dir='ltr'><strong>XIII.</strong></span> <span class='ocrx_word' id='word_1_211' title='bbox 1019 1632 1062 1671; x_wconf 88' lang='lat' dir='ltr'>et</span> <span class='ocrx_word' id='word_1_212' title='bbox 1083 1630 1349 1687; x_wconf 74' lang='lat' dir='ltr'>Balthasarf)</span> <span class='ocrx_word' id='word_1_213' title='bbox 1381 1633 1435 1673; x_wconf 89' lang='lat' dir='ltr'>de</span> <span class='ocrx_word' id='word_1_214' title='bbox 1460 1633 1594 1674; x_wconf 87' lang='lat' dir='ltr'>Cossa</span> <span class='ocrx_word' id='word_1_215' title='bbox 1617 1634 1812 1675; x_wconf 85' lang='lat' dir='ltr'>Johanne</span> <span class='ocrx_word' id='word_1_216' title='bbox 1830 1634 1981 1675; x_wconf 87' lang='lat' dir='ltr'><strong>XXIII.</strong></span> 
     </span>
     <span class='ocr_line' id='line_1_24' title="bbox 213 1699 1982 1759; baseline 0.002 -18"><span class='ocrx_word' id='word_1_217' title='bbox 213 1699 260 1742; x_wconf 90' lang='lat' dir='ltr'>in</span> <span class='ocrx_word' id='word_1_218' title='bbox 283 1699 377 1742; x_wconf 87' lang='lat' dir='ltr'>suis</span> <span class='ocrx_word' id='word_1_219' title='bbox 410 1700 684 1742; x_wconf 89' lang='lat' dir='ltr'>obedienciis</span> <span class='ocrx_word' id='word_1_220' title='bbox 708 1702 981 1755; x_wconf 88' lang='lat' dir='ltr'>nuncupatis</span> <span class='ocrx_word' id='word_1_221' title='bbox 1005 1702 1319 1744; x_wconf 85' lang='lat' dir='ltr'>renuncciandi</span> <span class='ocrx_word' id='word_1_222' title='bbox 1343 1706 1387 1744; x_wconf 89' lang='lat' dir='ltr'>et</span> <span class='ocrx_word' id='word_1_223' title='bbox 1410 1702 1730 1759; x_wconf 77' lang='lat' dir='ltr'>renunccientf)</span> <span class='ocrx_word' id='word_1_224' title='bbox 1752 1717 1831 1757; x_wconf 93' lang='lat' dir='ltr'>pro</span> <span class='ocrx_word' id='word_1_225' title='bbox 1854 1705 1916 1746; x_wconf 88' lang='lat' dir='ltr'>eis</span> <span class='ocrx_word' id='word_1_226' title='bbox 1940 1706 1982 1745; x_wconf 83' lang='lat' dir='ltr'>et</span> 
     </span>
     <span class='ocr_line' id='line_1_25' title="bbox 214 1771 1980 1828; baseline 0.001 -15"><span class='ocrx_word' id='word_1_227' title='bbox 214 1771 522 1825; x_wconf 83' lang='lat' dir='ltr'>procuratorio</span> <span class='ocrx_word' id='word_1_228' title='bbox 576 1772 756 1813; x_wconf 89' lang='lat' dir='ltr'>nomine</span> <span class='ocrx_word' id='word_1_229' title='bbox 807 1785 959 1814; x_wconf 89' lang='lat' dir='ltr'>eorum</span> <span class='ocrx_word' id='word_1_230' title='bbox 1012 1773 1187 1815; x_wconf 88' lang='lat' dir='ltr'>realiter</span> <span class='ocrx_word' id='word_1_231' title='bbox 1242 1777 1286 1816; x_wconf 91' lang='grc'>61</span> <span class='ocrx_word' id='word_1_232' title='bbox 1334 1787 1432 1816; x_wconf 82' lang='grc'><strong>611111</strong></span> <span class='ocrx_word' id='word_1_233' title='bbox 1481 1774 1635 1816; x_wconf 83' lang='lat' dir='ltr'>effectu</span> <span class='ocrx_word' id='word_1_234' title='bbox 1683 1774 1780 1825; x_wconf 71' lang='grc'><strong>11111,</strong></span> <span class='ocrx_word' id='word_1_235' title='bbox 1832 1775 1980 1828; x_wconf 74' lang='lat' dir='ltr'>tytulo,</span> 
     </span>
     <span class='ocr_line' id='line_1_26' title="bbox 215 1843 1982 1899; baseline 0.001 -15"><span class='ocrx_word' id='word_1_236' title='bbox 215 1845 260 1885; x_wconf 87' lang='lat' dir='ltr'>et</span> <span class='ocrx_word' id='word_1_237' title='bbox 292 1843 570 1898; x_wconf 87' lang='lat' dir='ltr'>possessioni</span> <span class='ocrx_word' id='word_1_238' title='bbox 603 1844 807 1898; x_wconf 71' lang='lat' dir='ltr'>papatus,</span> <span class='ocrx_word' id='word_1_239' title='bbox 842 1857 967 1897; x_wconf 70' lang='lat' dir='ltr'>quos,</span> <span class='ocrx_word' id='word_1_240' title='bbox 1002 1858 1112 1898; x_wconf 86' lang='lat' dir='ltr'>quas</span> <span class='ocrx_word' id='word_1_241' title='bbox 1146 1847 1189 1886; x_wconf 93' lang='lat' dir='ltr'>et</span> <span class='ocrx_word' id='word_1_242' title='bbox 1221 1859 1353 1898; x_wconf 84' lang='lat' dir='ltr'>quem</span> <span class='ocrx_word' id='word_1_243' title='bbox 1385 1859 1434 1887; x_wconf 89' lang='lat' dir='ltr'>ac</span> <span class='ocrx_word' id='word_1_244' title='bbox 1465 1859 1595 1899; x_wconf 91' lang='lat' dir='ltr'>quam</span> <span class='ocrx_word' id='word_1_245' title='bbox 1618 1845 1700 1898; x_wconf 91' lang='lat' dir='ltr'>ipsi</span> <span class='ocrx_word' id='word_1_246' title='bbox 1732 1847 1774 1887; x_wconf 89' lang='lat' dir='ltr'>et</span> <span class='ocrx_word' id='word_1_247' title='bbox 1797 1846 1982 1899; x_wconf 86' lang='lat' dir='ltr'>quilibet</span> 
     </span>
     <span class='ocr_line' id='line_1_27' title="bbox 214 1913 1980 1970; baseline 0.001 -14"><span class='ocrx_word' id='word_1_248' title='bbox 214 1913 415 1970; x_wconf 84' lang='lat' dir='ltr'>ipsorum</span> <span class='ocrx_word' id='word_1_249' title='bbox 438 1915 715 1969; x_wconf 88' lang='lat' dir='ltr'>predentunt</span> <span class='ocrx_word' id='word_1_250' title='bbox 739 1915 906 1957; x_wconf 88' lang='lat' dir='ltr'>habere</span> <span class='ocrx_word' id='word_1_251' title='bbox 939 1916 985 1957; x_wconf 91' lang='lat' dir='ltr'>in</span> <span class='ocrx_word' id='word_1_252' title='bbox 1015 1929 1066 1957; x_wconf 91' lang='lat' dir='ltr'>eo</span> <span class='ocrx_word' id='word_1_253' title='bbox 1100 1930 1149 1958; x_wconf 92' lang='lat' dir='ltr'>ac</span> <span class='ocrx_word' id='word_1_254' title='bbox 1181 1916 1591 1966; x_wconf 85' lang='lat' dir='ltr'>renuncciacionem</span> <span class='ocrx_word' id='word_1_255' title='bbox 1624 1915 1870 1957; x_wconf 88' lang='lat' dir='ltr'>huiusmodi</span> <span class='ocrx_word' id='word_1_256' title='bbox 1902 1929 1980 1969; x_wconf 84' lang='lat' dir='ltr'>pro</span> 
     </span>
     <span class='ocr_line' id='line_1_28' title="bbox 142 1985 1979 2041; baseline -0.001 -13"><span class='ocrx_word' id='word_1_257' title='bbox 142 1985 199 2027; x_wconf 70' lang='lat'>25</span> <span class='ocrx_word' id='word_1_258' title='bbox 215 1985 424 2028; x_wconf 87' lang='lat' dir='ltr'>omnibus</span> <span class='ocrx_word' id='word_1_259' title='bbox 477 1987 618 2028; x_wconf 88' lang='lat' dir='ltr'>tribus</span> <span class='ocrx_word' id='word_1_260' title='bbox 667 1986 798 2028; x_wconf 85' lang='lat' dir='ltr'>faciat</span> <span class='ocrx_word' id='word_1_261' title='bbox 846 1986 1012 2028; x_wconf 88' lang='lat' dir='ltr'>eisdem</span> <span class='ocrx_word' id='word_1_262' title='bbox 1061 1989 1258 2041; x_wconf 89' lang='lat' dir='ltr'>tempore</span> <span class='ocrx_word' id='word_1_263' title='bbox 1291 1989 1366 2039; x_wconf 51' lang='lat' dir='ltr'>etss&#39;)</span> <span class='ocrx_word' id='word_1_264' title='bbox 1408 1988 1502 2029; x_wconf 91' lang='grc'><strong>1060</strong></span> <span class='ocrx_word' id='word_1_265' title='bbox 1534 1987 1579 2028; x_wconf 86' lang='grc'>111</span> <span class='ocrx_word' id='word_1_266' title='bbox 1622 1987 1759 2028; x_wconf 86' lang='lat' dir='ltr'>forma</span> <span class='ocrx_word' id='word_1_267' title='bbox 1800 1987 1979 2038; x_wconf 83' lang='lat' dir='ltr'>decenti,</span> 
     </span>
     <span class='ocr_line' id='line_1_29' title="bbox 213 2056 1982 2112; baseline -0.001 -14"><span class='ocrx_word' id='word_1_268' title='bbox 213 2056 273 2099; x_wconf 91' lang='lat' dir='ltr'>ita</span> <span class='ocrx_word' id='word_1_269' title='bbox 311 2059 431 2111; x_wconf 84' lang='lat' dir='ltr'>quod</span> <span class='ocrx_word' id='word_1_270' title='bbox 463 2057 671 2112; x_wconf 88' lang='lat' dir='ltr'>prioritas</span> <span class='ocrx_word' id='word_1_271' title='bbox 705 2059 751 2099; x_wconf 88' lang='lat' dir='ltr'>et</span> <span class='ocrx_word' id='word_1_272' title='bbox 798 2058 1104 2111; x_wconf 86' lang='lat' dir='ltr'>posterioritas</span> <span class='ocrx_word' id='word_1_273' title='bbox 1137 2072 1225 2099; x_wconf 93' lang='lat' dir='ltr'>non</span> <span class='ocrx_word' id='word_1_274' title='bbox 1265 2058 1445 2100; x_wconf 91' lang='lat' dir='ltr'>inducat</span> <span class='ocrx_word' id='word_1_275' title='bbox 1477 2071 1681 2099; x_wconf 90' lang='lat' dir='ltr'>errorem.</span> <span class='ocrx_word' id='word_1_276' title='bbox 1745 2058 1905 2099; x_wconf 89' lang='lat' dir='ltr'>Dantes</span> <span class='ocrx_word' id='word_1_277' title='bbox 1938 2059 1982 2098; x_wconf 90' lang='lat' dir='ltr'>et</span> 
     </span>
     <span class='ocr_line' id='line_1_30' title="bbox 214 2128 1981 2183; baseline -0.001 -13"><span class='ocrx_word' id='word_1_278' title='bbox 214 2129 511 2171; x_wconf 89' lang='lat' dir='ltr'>concedentes</span> <span class='ocrx_word' id='word_1_279' title='bbox 556 2129 636 2171; x_wconf 89' lang='lat' dir='ltr'>tibi</span> <span class='ocrx_word' id='word_1_280' title='bbox 667 2129 946 2183; x_wconf 87' lang='lat' dir='ltr'>procuratori</span> <span class='ocrx_word' id='word_1_281' title='bbox 980 2131 1131 2172; x_wconf 87' lang='lat' dir='ltr'>nostro</span> <span class='ocrx_word' id='word_1_282' title='bbox 1173 2130 1227 2172; x_wconf 88' lang='lat' dir='ltr'>ad</span> <span class='ocrx_word' id='word_1_283' title='bbox 1265 2129 1461 2183; x_wconf 85' lang='lat' dir='ltr'>predicta</span> <span class='ocrx_word' id='word_1_284' title='bbox 1498 2128 1688 2170; x_wconf 82' lang='lat' dir='ltr'>fideliter</span> <span class='ocrx_word' id='word_1_285' title='bbox 1729 2128 1981 2181; x_wconf 86' lang='lat' dir='ltr'>exequenda</span> 
     </span>
     <span class='ocr_line' id='line_1_31' title="bbox 213 2199 1980 2254; baseline -0.002 -12"><span class='ocrx_word' id='word_1_286' title='bbox 213 2200 421 2254; x_wconf 84' lang='lat' dir='ltr'>plenum,</span> <span class='ocrx_word' id='word_1_287' title='bbox 461 2201 673 2252; x_wconf 84' lang='lat' dir='ltr'>liberum,</span> <span class='ocrx_word' id='word_1_288' title='bbox 716 2200 1005 2242; x_wconf 85' lang='lat' dir='ltr'>irrevocabile</span> <span class='ocrx_word' id='word_1_289' title='bbox 1051 2202 1095 2242; x_wconf 91' lang='lat' dir='ltr'>et</span> <span class='ocrx_word' id='word_1_290' title='bbox 1138 2201 1327 2254; x_wconf 90' lang='lat' dir='ltr'>speciale</span> <span class='ocrx_word' id='word_1_291' title='bbox 1369 2200 1642 2249; x_wconf 68' lang='lat' dir='ltr'>mandatum,</span> <span class='ocrx_word' id='word_1_292' title='bbox 1688 2199 1980 2241; x_wconf 87' lang='lat' dir='ltr'>omnimodam</span> 
     </span>
     <span class='ocr_line' id='line_1_32' title="bbox 213 2269 1980 2326; baseline -0.002 -13"><span class='ocrx_word' id='word_1_293' title='bbox 213 2271 472 2314; x_wconf 87' lang='lat' dir='ltr'>facultatem</span> <span class='ocrx_word' id='word_1_294' title='bbox 508 2273 563 2314; x_wconf 92' lang='lat' dir='ltr'>de</span> <span class='ocrx_word' id='word_1_295' title='bbox 596 2271 878 2326; x_wconf 87' lang='lat' dir='ltr'>plenitudine</span> <span class='ocrx_word' id='word_1_296' title='bbox 912 2272 1147 2324; x_wconf 87' lang='lat' dir='ltr'>potestatis</span> <span class='ocrx_word' id='word_1_297' title='bbox 1181 2271 1379 2313; x_wconf 90' lang='lat' dir='ltr'>eiusdem</span> <span class='ocrx_word' id='word_1_298' title='bbox 1411 2273 1454 2312; x_wconf 93' lang='lat' dir='ltr'>et</span> <span class='ocrx_word' id='word_1_299' title='bbox 1497 2270 1757 2326; x_wconf 87' lang='lat' dir='ltr'>promittens</span> <span class='ocrx_word' id='word_1_300' title='bbox 1798 2269 1980 2320; x_wconf 86' lang='lat' dir='ltr'>firmam,</span> 
     </span>
     <span class='ocr_line' id='line_1_33' title="bbox 143 2339 1981 2399; baseline -0.002 -16"><span class='ocrx_word' id='word_1_301' title='bbox 143 2342 199 2384; x_wconf 87' lang='lat'>30</span> <span class='ocrx_word' id='word_1_302' title='bbox 214 2343 357 2386; x_wconf 85' lang='lat' dir='ltr'>ratam</span> <span class='ocrx_word' id='word_1_303' title='bbox 381 2344 424 2385; x_wconf 92' lang='grc'>61</span> <span class='ocrx_word' id='word_1_304' title='bbox 456 2344 623 2397; x_wconf 79' lang='lat' dir='ltr'>gratam</span> <span class='ocrx_word' id='word_1_305' title='bbox 640 2342 679 2399; x_wconf 82' lang='lat'>¹¹)</span> <span class='ocrx_word' id='word_1_306' title='bbox 712 2341 1124 2385; x_wconf 88' lang='lat' dir='ltr'>renuncciacionem</span> <span class='ocrx_word' id='word_1_307' title='bbox 1157 2344 1370 2397; x_wconf 86' lang='lat' dir='ltr'>perpetuo</span> <span class='ocrx_word' id='word_1_308' title='bbox 1393 2339 1466 2396; x_wconf 58' lang='lat' dir='ltr'>eti)</span> <span class='ocrx_word' id='word_1_309' title='bbox 1489 2340 1795 2382; x_wconf 78' lang='lat' dir='ltr'>inviolabiliter</span> <span class='ocrx_word' id='word_1_310' title='bbox 1832 2340 1981 2380; x_wconf 87' lang='lat' dir='ltr'>obser-</span> 
     </span>
     <span class='ocr_line' id='line_1_34' title="bbox 212 2410 1981 2470; baseline -0.003 -14"><span class='ocrx_word' id='word_1_311' title='bbox 212 2427 331 2456; x_wconf 83' lang='lat' dir='ltr'>vare.</span> <span class='ocrx_word' id='word_1_312' title='bbox 397 2415 557 2456; x_wconf 89' lang='lat' dir='ltr'>Forma</span> <span class='ocrx_word' id='word_1_313' title='bbox 588 2417 750 2467; x_wconf 83' lang='lat' dir='ltr'>autem,</span> <span class='ocrx_word' id='word_1_314' title='bbox 784 2428 871 2470; x_wconf 87' lang='lat' dir='ltr'>que</span> <span class='ocrx_word' id='word_1_315' title='bbox 895 2416 1014 2457; x_wconf 91' lang='lat' dir='ltr'>salvo</span> <span class='ocrx_word' id='word_1_316' title='bbox 1046 2427 1220 2467; x_wconf 85' lang='lat' dir='ltr'>semper</span> <span class='ocrx_word' id='word_1_317' title='bbox 1253 2412 1422 2455; x_wconf 89' lang='lat' dir='ltr'>meliori</span> <span class='ocrx_word' id='word_1_318' title='bbox 1444 2412 1616 2454; x_wconf 90' lang='lat' dir='ltr'>videtur</span> <span class='ocrx_word' id='word_1_319' title='bbox 1640 2412 1764 2453; x_wconf 90' lang='lat' dir='ltr'>nobis</span> <span class='ocrx_word' id='word_1_320' title='bbox 1789 2410 1981 2452; x_wconf 82' lang='lat' dir='ltr'>securior</span> 
     </span>
     <span class='ocr_line' id='line_1_35' title="bbox 213 2485 757 2528; baseline 0.004 -2"><span class='ocrx_word' id='word_1_321' title='bbox 213 2486 257 2527; x_wconf 86' lang='lat' dir='ltr'>et</span> <span class='ocrx_word' id='word_1_322' title='bbox 289 2485 450 2528; x_wconf 89' lang='lat' dir='ltr'>clarior</span> <span class='ocrx_word' id='word_1_323' title='bbox 480 2485 543 2528; x_wconf 92' lang='lat' dir='ltr'>ita</span> <span class='ocrx_word' id='word_1_324' title='bbox 575 2487 644 2528; x_wconf 87' lang='lat' dir='ltr'>est</span> <span class='ocrx_word' id='word_1_325' title='bbox 675 2489 757 2528; x_wconf 91' lang='lat' dir='ltr'>etc.</span> 
     </span>
    </p>
   </div>
   <div class='ocr_carea' id='block_1_6' title="bbox 143 2655 1979 2792">
    <p class='ocr_par' dir='ltr' id='par_1_6' title="bbox 143 2655 1979 2792">
     <span class='ocr_line' id='line_1_36' title="bbox 332 2655 1979 2697; baseline -0.005 -8"><span class='ocrx_word' id='word_1_326' title='bbox 332 2662 363 2695; x_wconf 85' lang='lat' dir='ltr'>a)</span> <span class='ocrx_word' id='word_1_327' title='bbox 389 2662 470 2688; x_wconf 81' lang='lat' dir='ltr'>Hier</span> <span class='ocrx_word' id='word_1_328' title='bbox 495 2661 576 2695; x_wconf 77' lang='lat' dir='ltr'>fehlt</span> <span class='ocrx_word' id='word_1_329' title='bbox 602 2663 708 2690; x_wconf 71' lang='lat' dir='ltr'>etwas.</span> <span class='ocrx_word' id='word_1_330' title='bbox 766 2663 825 2690; x_wconf 83' lang='lat' dir='ltr'>Die</span> <span class='ocrx_word' id='word_1_331' title='bbox 850 2662 944 2694; x_wconf 66' lang='lat' dir='ltr'>Stella</span> <span class='ocrx_word' id='word_1_332' title='bbox 973 2662 1040 2697; x_wconf 69' lang='lat' dir='ltr'>yibt</span> <span class='ocrx_word' id='word_1_333' title='bbox 1065 2669 1100 2689; x_wconf 82' lang='lat'>80</span> <span class='ocrx_word' id='word_1_334' title='bbox 1125 2661 1236 2688; x_wconf 73' lang='lat' dir='ltr'>keinen</span> <span class='ocrx_word' id='word_1_335' title='bbox 1261 2661 1346 2688; x_wconf 78' lang='lat' dir='ltr'>Sinn.</span> <span class='ocrx_word' id='word_1_336' title='bbox 1402 2660 1434 2693; x_wconf 87' lang='lat' dir='ltr'>b)</span> <span class='ocrx_word' id='word_1_337' title='bbox 1463 2658 1623 2690; x_wconf 81' lang='lat' dir='ltr'>effectum,</span> <span class='ocrx_word' id='word_1_338' title='bbox 1651 2664 1739 2692; x_wconf 84' lang='lat' dir='ltr'>spem</span> <span class='ocrx_word' id='word_1_339' title='bbox 1767 2658 1799 2683; x_wconf 85' lang='lat' dir='ltr'>et</span> <span class='ocrx_word' id='word_1_340' title='bbox 1824 2655 1917 2682; x_wconf 82' lang='lat' dir='ltr'>fldem</span> <span class='ocrx_word' id='word_1_341' title='bbox 1947 2656 1979 2681; x_wconf 82' lang='grc' dir='ltr'>Β.</span> 
     </span>
     <span class='ocr_line' id='line_1_37' title="bbox 214 2703 1979 2744; baseline -0.005 -8"><span class='ocrx_word' id='word_1_342' title='bbox 214 2710 313 2736; x_wconf 79' lang='lat' dir='ltr'>Dann</span> <span class='ocrx_word' id='word_1_343' title='bbox 338 2710 429 2736; x_wconf 82' lang='lat' dir='ltr'>tuam</span> <span class='ocrx_word' id='word_1_344' title='bbox 456 2709 592 2737; x_wconf 83' lang='lat' dir='ltr'>honoris</span> <span class='ocrx_word' id='word_1_345' title='bbox 618 2717 804 2744; x_wconf 82' lang='lat' dir='ltr'>personam.</span> <span class='ocrx_word' id='word_1_346' title='bbox 853 2712 881 2744; x_wconf 92' lang='grc'><strong>6)</strong></span> <span class='ocrx_word' id='word_1_347' title='bbox 907 2710 947 2738; x_wconf 84' lang='lat' dir='ltr'>de</span> <span class='ocrx_word' id='word_1_348' title='bbox 973 2709 1139 2737; x_wconf 82' lang='lat' dir='ltr'>Ariminen</span> <span class='ocrx_word' id='word_1_349' title='bbox 1166 2710 1201 2736; x_wconf 89' lang='lat' dir='ltr'>B.</span> <span class='ocrx_word' id='word_1_350' title='bbox 1249 2708 1280 2742; x_wconf 90' lang='lat' dir='ltr'>d)</span> <span class='ocrx_word' id='word_1_351' title='bbox 1309 2707 1394 2734; x_wconf 76' lang='lat' dir='ltr'>Fehzt</span> <span class='ocrx_word' id='word_1_352' title='bbox 1419 2708 1456 2733; x_wconf 86' lang='grc' dir='ltr'>Β.</span> <span class='ocrx_word' id='word_1_353' title='bbox 1502 2707 1530 2740; x_wconf 80' lang='lat' dir='ltr'>e)</span> <span class='ocrx_word' id='word_1_354' title='bbox 1556 2704 1718 2732; x_wconf 78' lang='lat' dir='ltr'>mandatis</span> <span class='ocrx_word' id='word_1_355' title='bbox 1748 2705 1780 2730; x_wconf 88' lang='lat' dir='ltr'>B.</span> <span class='ocrx_word' id='word_1_356' title='bbox 1825 2703 1849 2736; x_wconf 87' lang='lat' dir='ltr'>f)</span> <span class='ocrx_word' id='word_1_357' title='bbox 1876 2703 1916 2729; x_wconf 75' lang='lat' dir='ltr'>So</span> <span class='ocrx_word' id='word_1_358' title='bbox 1945 2703 1979 2728; x_wconf 92' lang='lat' dir='ltr'>B.</span> 
     </span>
     <span class='ocr_line' id='line_1_38' title="bbox 143 2745 1978 2792; baseline -0.008 -5"><span class='ocrx_word' id='word_1_359' title='bbox 143 2745 199 2787; x_wconf 80' lang='lat'>35</span> <span class='ocrx_word' id='word_1_360' title='bbox 213 2758 246 2792; x_wconf 86' lang='lat' dir='ltr'>g)</span> <span class='ocrx_word' id='word_1_361' title='bbox 266 2757 357 2792; x_wconf 68' lang='lat' dir='ltr'>Fozqt</span> <span class='ocrx_word' id='word_1_362' title='bbox 376 2764 446 2792; x_wconf 88' lang='lat' dir='ltr'>pro.</span> <span class='ocrx_word' id='word_1_363' title='bbox 484 2756 517 2791; x_wconf 89' lang='lat' dir='ltr'>h)</span> <span class='ocrx_word' id='word_1_364' title='bbox 539 2757 620 2784; x_wconf 78' lang='lat' dir='ltr'>Hier</span> <span class='ocrx_word' id='word_1_365' title='bbox 639 2757 724 2792; x_wconf 72' lang='lat' dir='ltr'>folyt</span> <span class='ocrx_word' id='word_1_366' title='bbox 744 2765 793 2791; x_wconf 86' lang='lat' dir='ltr'>ac,</span> <span class='ocrx_word' id='word_1_367' title='bbox 811 2765 847 2785; x_wconf 83' lang='lat'>80</span> <span class='ocrx_word' id='word_1_368' title='bbox 868 2757 1142 2785; x_wconf 75' lang='lat' dir='ltr'>unverstc&#39;indlz&#39;ch.</span> <span class='ocrx_word' id='word_1_369' title='bbox 1168 2755 1438 2784; x_wconf 68' lang='lat' dir='ltr'>ll&#39;ahrscheinlich</span> <span class='ocrx_word' id='word_1_370' title='bbox 1457 2753 1536 2787; x_wconf 73' lang='lat' dir='ltr'>fehlt</span> <span class='ocrx_word' id='word_1_371' title='bbox 1550 2755 1654 2779; x_wconf 74' lang='lat' dir='ltr'>etwas.</span> <span class='ocrx_word' id='word_1_372' title='bbox 1686 2751 1706 2784; x_wconf 79' lang='lat' dir='ltr'>i&gt;</span> <span class='ocrx_word' id='word_1_373' title='bbox 1727 2752 1758 2778; x_wconf 77' lang='lat' dir='ltr'>et</span> <span class='ocrx_word' id='word_1_374' title='bbox 1772 2751 1928 2785; x_wconf 79' lang='lat' dir='ltr'>perpetuo</span> <span class='ocrx_word' id='word_1_375' title='bbox 1944 2749 1978 2774; x_wconf 83' lang='lat' dir='ltr'>B.</span> 
     </span>
    </p>
   </div>
   <div class='ocr_carea' id='block_1_7' title="bbox 220 2821 1978 2934">
    <p class='ocr_par' dir='ltr' id='par_1_7' title="bbox 220 2821 1978 2934">
     <span class='ocr_line' id='line_1_39' title="bbox 336 2821 1978 2873; baseline -0.007 -10"><span class='ocrx_word' id='word_1_376' title='bbox 336 2830 362 2873; x_wconf 90' lang='lat'>¹)</span> <span class='ocrx_word' id='word_1_377' title='bbox 396 2829 426 2862; x_wconf 81' lang='lat' dir='ltr'><em>B</em></span> <span class='ocrx_word' id='word_1_378' title='bbox 460 2828 523 2863; x_wconf 70' lang='lat' dir='ltr'>leat</span> <span class='ocrx_word' id='word_1_379' title='bbox 555 2829 737 2865; x_wconf 72' lang='lat' dir='ltr'>Nicotaus,</span> <span class='ocrx_word' id='word_1_380' title='bbox 791 2828 844 2862; x_wconf 69' lang='lat' dir='ltr'>Es</span> <span class='ocrx_word' id='word_1_381' title='bbox 878 2828 971 2863; x_wconf 80' lang='lat' dir='ltr'>kann</span> <span class='ocrx_word' id='word_1_382' title='bbox 1003 2829 1077 2862; x_wconf 69' lang='lat' dir='ltr'>sicle</span> <span class='ocrx_word' id='word_1_383' title='bbox 1108 2827 1286 2861; x_wconf 63' lang='lat' dir='ltr'>natv&#39;irlielt</span> <span class='ocrx_word' id='word_1_384' title='bbox 1321 2837 1387 2859; x_wconf 74' lang='lat' dir='ltr'>nur</span> <span class='ocrx_word' id='word_1_385' title='bbox 1423 2837 1478 2858; x_wconf 82' lang='lat' dir='ltr'>um</span> <span class='ocrx_word' id='word_1_386' title='bbox 1508 2825 1573 2858; x_wconf 73' lang='lat' dir='ltr'>den</span> <span class='ocrx_word' id='word_1_387' title='bbox 1610 2823 1760 2868; x_wconf 38' lang='lat' dir='ltr'>cifri-(len</span> <span class='ocrx_word' id='word_1_388' title='bbox 1792 2821 1978 2864; x_wconf 72' lang='lat' dir='ltr'>Anlaeiinyer</span> 
     </span>
     <span class='ocr_line' id='line_1_40' title="bbox 220 2887 908 2934; baseline -0.003 -11"><span class='ocrx_word' id='word_1_389' title='bbox 220 2888 381 2934; x_wconf 72' lang='lat' dir='ltr'>Greyors</span> <span class='ocrx_word' id='word_1_390' title='bbox 409 2887 503 2922; x_wconf 73' lang='lat' dir='ltr'>Karl</span> <span class='ocrx_word' id='word_1_391' title='bbox 526 2887 720 2921; x_wconf 80' lang='lat' dir='ltr'>Malatesta</span> <span class='ocrx_word' id='word_1_392' title='bbox 746 2887 908 2922; x_wconf 70' lang='lat' dir='ltr'>leandeln.</span> 
     </span>
    </p>
   </div>
   <div class='ocr_carea' id='block_1_8' title="bbox 212 2946 1975 3063">
    <p class='ocr_par' dir='ltr' id='par_1_8' title="bbox 212 2946 1975 3063">
     <span class='ocr_line' id='line_1_41' title="bbox 335 2946 1975 3004; baseline -0.008 -10"><span class='ocrx_word' id='word_1_393' title='bbox 335 2960 363 3004; x_wconf 73' lang='lat'>²)</span> <span class='ocrx_word' id='word_1_394' title='bbox 390 2959 521 2994; x_wconf 76' lang='lat' dir='ltr'>Dieses</span> <span class='ocrx_word' id='word_1_395' title='bbox 552 2957 850 2993; x_wconf 65' lang='lat' dir='ltr'>Prot-aratorium</span> <span class='ocrx_word' id='word_1_396' title='bbox 878 2959 995 3003; x_wconf 82' lang='lat' dir='ltr'>findet</span> <span class='ocrx_word' id='word_1_397' title='bbox 1024 2959 1099 2993; x_wconf 73' lang='lat' dir='ltr'>siclt</span> <span class='ocrx_word' id='word_1_398' title='bbox 1130 2969 1162 2992; x_wconf 82' lang='lat' dir='ltr'>v.</span> <span class='ocrx_word' id='word_1_399' title='bbox 1188 2957 1220 2991; x_wconf 80' lang='lat' dir='ltr'>d.</span> <span class='ocrx_word' id='word_1_400' title='bbox 1247 2956 1374 2997; x_wconf 74' lang='lat' dir='ltr'>Marde,</span> <span class='ocrx_word' id='word_1_401' title='bbox 1412 2954 1601 2988; x_wconf 74' lang='lat' dir='ltr'>Conciliwn</span> <span class='ocrx_word' id='word_1_402' title='bbox 1630 2950 1890 2986; x_wconf 60' lang='lat' dir='ltr'>Constantimme</span> <span class='ocrx_word' id='word_1_403' title='bbox 1918 2948 1935 2981; x_wconf 96' lang='lat' dir='ltr'><strong>I</strong></span> <span class='ocrx_word' id='word_1_404' title='bbox 1942 2946 1975 2994; x_wconf 75' lang='lat'>1⁷,</span> 
     </span>
     <span class='ocr_line' id='line_1_42' title="bbox 212 3014 1511 3063; baseline -0.005 -9"><span class='ocrx_word' id='word_1_405' title='bbox 212 3018 285 3054; x_wconf 86' lang='lat'>373</span> <span class='ocrx_word' id='word_1_406' title='bbox 297 3031 325 3054; x_wconf 86' lang='lat'>8.</span> <span class='ocrx_word' id='word_1_407' title='bbox 378 3018 556 3054; x_wconf 76' lang='lat' dir='ltr'>Dasselbe</span> <span class='ocrx_word' id='word_1_408' title='bbox 582 3018 632 3052; x_wconf 75' lang='lat' dir='ltr'>ist</span> <span class='ocrx_word' id='word_1_409' title='bbox 654 3017 939 3061; x_wconf 48' lang='lat' dir='ltr'>mammarium,</span> <span class='ocrx_word' id='word_1_410' title='bbox 966 3018 1052 3052; x_wconf 73' lang='lat' dir='ltr'>olene</span> <span class='ocrx_word' id='word_1_411' title='bbox 1078 3016 1206 3063; x_wconf 77' lang='lat' dir='ltr'>iryeml</span> <span class='ocrx_word' id='word_1_412' title='bbox 1229 3016 1284 3050; x_wconf 78' lang='lat' dir='ltr'>cin</span> <span class='ocrx_word' id='word_1_413' title='bbox 1316 3014 1511 3054; x_wconf 64' lang='lat' dir='ltr'>Vorbelealt,</span> 
     </span>
    </p>
   </div>
  </div>
 </body>
</html>
