<?xml version="1.0" encoding="UTF-8"?>
<!DOCTYPE html PUBLIC "-//W3C//DTD XHTML 1.0 Transitional//EN"
    "http://www.w3.org/TR/xhtml1/DTD/xhtml1-transitional.dtd">
<html xmlns="http://www.w3.org/1999/xhtml" xml:lang="en" lang="en">
 <head>
  <title>
</title>
<meta http-equiv="Content-Type" content="text/html;charset=utf-8" />
  <meta name='ocr-system' content='tesseract 3.04.00' />
  <meta name='ocr-capabilities' content='ocr_page ocr_carea ocr_par ocr_line ocrx_word'/>
</head>
<body>
  <div class='ocr_page' id='page_1' title='image "./actaconciliicons01counuoft_0077.png"; bbox 0 0 2216 3432; ppageno 0'>
   <div class='ocr_carea' id='block_1_1' title="bbox 0 2724 102 3432">
    <p class='ocr_par' dir='ltr' id='par_1_1' title="bbox 0 2724 102 3432">
     <span class='ocr_line' id='line_1_1' title="bbox 0 2724 102 3432; baseline 0 0"><span class='ocrx_word' id='word_1_1' title='bbox 0 2724 102 3432; x_wconf 95' lang='lat' dir='ltr'> </span> 
     </span>
    </p>
   </div>
   <div class='ocr_carea' id='block_1_2' title="bbox 0 0 274 134">
    <p class='ocr_par' dir='ltr' id='par_1_2' title="bbox 0 0 274 134">
     <span class='ocr_line' id='line_1_2' title="bbox 0 0 274 134; baseline 0 3298"><span class='ocrx_word' id='word_1_2' title='bbox 0 0 274 134; x_wconf 95' lang='lat' dir='ltr'> </span> 
     </span>
    </p>
   </div>
   <div class='ocr_carea' id='block_1_3' title="bbox 355 166 1983 224">
    <p class='ocr_par' dir='ltr' id='par_1_3' title="bbox 355 166 1983 224">
     <span class='ocr_line' id='line_1_3' title="bbox 355 166 1983 224; baseline -0.003 -9"><span class='ocrx_word' id='word_1_3' title='bbox 355 175 392 215; x_wconf 79' lang='lat' dir='ltr'>O.</span> <span class='ocrx_word' id='word_1_4' title='bbox 419 176 618 221; x_wconf 78' lang='lat' dir='ltr'>Malatesta,</span> <span class='ocrx_word' id='word_1_5' title='bbox 644 174 779 224; x_wconf 80' lang='lat' dir='ltr'>Gregor</span> <span class='ocrx_word' id='word_1_6' title='bbox 802 171 886 215; x_wconf 81' lang='lat' dir='ltr'><strong>XII.</strong></span> <span class='ocrx_word' id='word_1_7' title='bbox 913 176 985 212; x_wconf 90' lang='lat' dir='ltr'>und</span> <span class='ocrx_word' id='word_1_8' title='bbox 1013 175 1191 212; x_wconf 82' lang='lat' dir='ltr'>Benedikt</span> <span class='ocrx_word' id='word_1_9' title='bbox 1216 174 1315 211; x_wconf 89' lang='lat' dir='ltr'><strong>XIII.</strong></span> <span class='ocrx_word' id='word_1_10' title='bbox 1345 179 1589 214; x_wconf 87' lang='lat'>1410—1413.</span> <span class='ocrx_word' id='word_1_11' title='bbox 1617 178 1678 212; x_wconf 86' lang='lat' dir='ltr'>Nr.</span> <span class='ocrx_word' id='word_1_12' title='bbox 1709 181 1760 213; x_wconf 93' lang='grc'>11.</span> <span class='ocrx_word' id='word_1_13' title='bbox 1927 166 1983 210; x_wconf 82' lang='grc'>63</span> 
     </span>
    </p>
   </div>
   <div class='ocr_carea' id='block_1_4' title="bbox 139 284 2012 2908">
    <p class='ocr_par' dir='ltr' id='par_1_4' title="bbox 140 284 1987 556">
     <span class='ocr_line' id='line_1_4' title="bbox 140 284 1984 339; baseline -0.002 -8"><span class='ocrx_word' id='word_1_14' title='bbox 140 306 143 310; x_wconf 87' lang='grc'><em>·</em></span> <span class='ocrx_word' id='word_1_15' title='bbox 199 288 344 331; x_wconf 89' lang='lat' dir='ltr'>Roma</span> <span class='ocrx_word' id='word_1_16' title='bbox 381 286 654 329; x_wconf 67' lang='lat' dir='ltr'>interveniat</span> <span class='ocrx_word' id='word_1_17' title='bbox 695 286 742 327; x_wconf 88' lang='lat' dir='ltr'>in</span> <span class='ocrx_word' id='word_1_18' title='bbox 783 299 873 327; x_wconf 92' lang='lat' dir='ltr'>uno</span> <span class='ocrx_word' id='word_1_19' title='bbox 916 285 1011 327; x_wconf 89' lang='lat' dir='ltr'>loco</span> <span class='ocrx_word' id='word_1_20' title='bbox 1055 298 1156 327; x_wconf 87' lang='lat' dir='ltr'>cum</span> <span class='ocrx_word' id='word_1_21' title='bbox 1194 284 1314 337; x_wconf 77' lang='lat' dir='ltr'>istis,</span> <span class='ocrx_word' id='word_1_22' title='bbox 1363 284 1678 327; x_wconf 89' lang='lat' dir='ltr'>convencionis</span> <span class='ocrx_word' id='word_1_23' title='bbox 1722 299 1876 339; x_wconf 82' lang='lat' dir='ltr'>causa,</span> <span class='ocrx_word' id='word_1_24' title='bbox 1917 289 1984 328; x_wconf 87' lang='lat' dir='ltr'>est</span> 
     </span>
     <span class='ocr_line' id='line_1_5' title="bbox 200 354 1987 412; baseline -0.001 -11"><span class='ocrx_word' id='word_1_25' title='bbox 200 359 313 401; x_wconf 84' lang='lat' dir='ltr'>velle</span> <span class='ocrx_word' id='word_1_26' title='bbox 347 357 526 400; x_wconf 87' lang='lat' dir='ltr'>differre</span> <span class='ocrx_word' id='word_1_27' title='bbox 571 356 803 408; x_wconf 88' lang='lat' dir='ltr'>unionem,</span> <span class='ocrx_word' id='word_1_28' title='bbox 858 370 944 398; x_wconf 91' lang='lat' dir='ltr'>non</span> <span class='ocrx_word' id='word_1_29' title='bbox 989 357 1248 398; x_wconf 87' lang='lat' dir='ltr'>accelerare.</span> <span class='ocrx_word' id='word_1_30' title='bbox 1314 357 1425 397; x_wconf 91' lang='lat' dir='ltr'>Nam</span> <span class='ocrx_word' id='word_1_31' title='bbox 1467 354 1690 399; x_wconf 86' lang='lat' dir='ltr'>notorium</span> <span class='ocrx_word' id='word_1_32' title='bbox 1729 359 1822 409; x_wconf 83' lang='lat' dir='ltr'>est,</span> <span class='ocrx_word' id='word_1_33' title='bbox 1866 359 1987 412; x_wconf 90' lang='lat' dir='ltr'>quod</span> 
     </span>
     <span class='ocr_line' id='line_1_6' title="bbox 201 427 1986 484; baseline -0.001 -11"><span class='ocrx_word' id='word_1_34' title='bbox 201 431 273 473; x_wconf 78' lang='lat' dir='ltr'>via</span> <span class='ocrx_word' id='word_1_35' title='bbox 305 443 436 484; x_wconf 84' lang='lat' dir='ltr'>equa,</span> <span class='ocrx_word' id='word_1_36' title='bbox 471 428 591 471; x_wconf 87' lang='lat' dir='ltr'>iusta</span> <span class='ocrx_word' id='word_1_37' title='bbox 633 431 678 470; x_wconf 84' lang='lat' dir='ltr'>et</span> <span class='ocrx_word' id='word_1_38' title='bbox 711 427 940 470; x_wconf 84' lang='lat' dir='ltr'>caritativa</span> <span class='ocrx_word' id='word_1_39' title='bbox 983 441 1073 470; x_wconf 88' lang='lat' dir='ltr'>non</span> <span class='ocrx_word' id='word_1_40' title='bbox 1115 427 1324 469; x_wconf 82' lang='lat' dir='ltr'>convenit</span> <span class='ocrx_word' id='word_1_41' title='bbox 1363 427 1542 470; x_wconf 87' lang='lat' dir='ltr'>unionis</span> <span class='ocrx_word' id='word_1_42' title='bbox 1575 442 1710 470; x_wconf 87' lang='lat' dir='ltr'>causa</span> <span class='ocrx_word' id='word_1_43' title='bbox 1742 442 1842 470; x_wconf 90' lang='lat' dir='ltr'>cum</span> <span class='ocrx_word' id='word_1_44' title='bbox 1875 429 1986 479; x_wconf 76' lang='lat' dir='ltr'>istis,</span> 
     </span>
     <span class='ocr_line' id='line_1_7' title="bbox 201 499 1987 556; baseline -0.001 -12"><span class='ocrx_word' id='word_1_45' title='bbox 201 501 280 556; x_wconf 90' lang='lat' dir='ltr'>qui</span> <span class='ocrx_word' id='word_1_46' title='bbox 314 500 548 544; x_wconf 88' lang='lat' dir='ltr'>ecclesiam</span> <span class='ocrx_word' id='word_1_47' title='bbox 580 499 889 542; x_wconf 83' lang='lat' dir='ltr'>indubitanter</span> <span class='ocrx_word' id='word_1_48' title='bbox 933 500 1112 553; x_wconf 89' lang='lat' dir='ltr'>reputat</span> <span class='ocrx_word' id='word_1_49' title='bbox 1125 500 1162 554; x_wconf 65' lang='grc'>8)</span> <span class='ocrx_word' id='word_1_50' title='bbox 1203 499 1374 541; x_wconf 89' lang='lat' dir='ltr'>unitam</span> <span class='ocrx_word' id='word_1_51' title='bbox 1412 502 1457 541; x_wconf 90' lang='lat' dir='ltr'>et</span> <span class='ocrx_word' id='word_1_52' title='bbox 1498 499 1606 541; x_wconf 81' lang='lat' dir='ltr'>istos</span> <span class='ocrx_word' id='word_1_53' title='bbox 1640 500 1751 542; x_wconf 86' lang='lat' dir='ltr'>duos</span> <span class='ocrx_word' id='word_1_54' title='bbox 1785 500 1987 542; x_wconf 87' lang='lat' dir='ltr'>dominos</span> 
     </span>
    </p>

    <p class='ocr_par' dir='ltr' id='par_1_5' title="bbox 161 569 1989 910">
     <span class='ocr_line' id='line_1_8' title="bbox 161 569 1988 626; baseline -0.001 -10"><span class='ocrx_word' id='word_1_55' title='bbox 161 575 252 619; x_wconf 82' lang='lat' dir='ltr'>5ut</span> <span class='ocrx_word' id='word_1_56' title='bbox 290 572 513 615; x_wconf 86' lang='lat' dir='ltr'>hereticos</span> <span class='ocrx_word' id='word_1_57' title='bbox 552 574 678 614; x_wconf 85' lang='lat' dir='ltr'>extra</span> <span class='ocrx_word' id='word_1_58' title='bbox 704 570 952 619; x_wconf 81' lang='lat' dir='ltr'>ecclesiam,</span> <span class='ocrx_word' id='word_1_59' title='bbox 996 583 1078 612; x_wconf 88' lang='lat' dir='ltr'>nec</span> <span class='ocrx_word' id='word_1_60' title='bbox 1119 570 1226 612; x_wconf 87' lang='lat' dir='ltr'>alias</span> <span class='ocrx_word' id='word_1_61' title='bbox 1266 569 1352 612; x_wconf 85' lang='lat' dir='ltr'>nisi</span> <span class='ocrx_word' id='word_1_62' title='bbox 1390 570 1474 612; x_wconf 92' lang='lat' dir='ltr'>hoc</span> <span class='ocrx_word' id='word_1_63' title='bbox 1511 571 1706 613; x_wconf 87' lang='lat' dir='ltr'>tenendo</span> <span class='ocrx_word' id='word_1_64' title='bbox 1746 585 1792 613; x_wconf 86' lang='lat' dir='ltr'>se</span> <span class='ocrx_word' id='word_1_65' title='bbox 1839 575 1988 626; x_wconf 86' lang='lat' dir='ltr'>potest</span> 
     </span>
     <span class='ocr_line' id='line_1_9' title="bbox 201 641 1987 699; baseline -0.001 -13"><span class='ocrx_word' id='word_1_66' title='bbox 201 657 363 699; x_wconf 85' lang='lat' dir='ltr'>papam</span> <span class='ocrx_word' id='word_1_67' title='bbox 398 646 607 699; x_wconf 81' lang='lat' dir='ltr'>reputare</span> <span class='ocrx_word' id='word_1_68' title='bbox 642 644 688 684; x_wconf 89' lang='lat' dir='ltr'>et</span> <span class='ocrx_word' id='word_1_69' title='bbox 724 642 760 684; x_wconf 87' lang='lat' dir='ltr'>si</span> <span class='ocrx_word' id='word_1_70' title='bbox 794 642 990 696; x_wconf 81' lang='lat' dir='ltr'>aliquam</span> <span class='ocrx_word' id='word_1_71' title='bbox 1022 642 1138 684; x_wconf 86' lang='lat' dir='ltr'>viam</span> <span class='ocrx_word' id='word_1_72' title='bbox 1178 655 1277 683; x_wconf 92' lang='lat' dir='ltr'>cum</span> <span class='ocrx_word' id='word_1_73' title='bbox 1317 641 1414 683; x_wconf 83' lang='lat' dir='ltr'>istis</span> <span class='ocrx_word' id='word_1_74' title='bbox 1446 643 1580 683; x_wconf 87' lang='lat' dir='ltr'>vellet</span> <span class='ocrx_word' id='word_1_75' title='bbox 1605 655 1778 696; x_wconf 81' lang='lat' dir='ltr'>capere,</span> <span class='ocrx_word' id='word_1_76' title='bbox 1821 643 1987 695; x_wconf 72' lang='lat' dir='ltr'>dieunt,</span> 
     </span>
     <span class='ocr_line' id='line_1_10' title="bbox 204 713 1989 771; baseline -0.001 -13"><span class='ocrx_word' id='word_1_77' title='bbox 204 717 324 771; x_wconf 90' lang='lat' dir='ltr'>quod</span> <span class='ocrx_word' id='word_1_78' title='bbox 362 718 481 757; x_wconf 88' lang='lat' dir='ltr'>esset</span> <span class='ocrx_word' id='word_1_79' title='bbox 521 715 822 756; x_wconf 75' lang='lat' dir='ltr'>scandalizare</span> <span class='ocrx_word' id='word_1_80' title='bbox 864 713 1120 760; x_wconf 76' lang='lat' dir='ltr'>ecclesiam,</span> <span class='ocrx_word' id='word_1_81' title='bbox 1169 726 1267 754; x_wconf 89' lang='lat' dir='ltr'>cum</span> <span class='ocrx_word' id='word_1_82' title='bbox 1315 726 1405 754; x_wconf 90' lang='lat' dir='ltr'>non</span> <span class='ocrx_word' id='word_1_83' title='bbox 1452 714 1612 755; x_wconf 88' lang='lat' dir='ltr'>habeat</span> <span class='ocrx_word' id='word_1_84' title='bbox 1662 714 1805 755; x_wconf 85' lang='lat' dir='ltr'>maius</span> <span class='ocrx_word' id='word_1_85' title='bbox 1852 715 1989 757; x_wconf 91' lang='lat' dir='ltr'>iocale</span> 
     </span>
     <span class='ocr_line' id='line_1_11' title="bbox 204 777 1989 842; baseline -0.002 -12"><span class='ocrx_word' id='word_1_86' title='bbox 204 801 337 842; x_wconf 91' lang='lat' dir='ltr'>quam</span> <span class='ocrx_word' id='word_1_87' title='bbox 377 787 613 830; x_wconf 91' lang='lat' dir='ltr'>concilium</span> <span class='ocrx_word' id='word_1_88' title='bbox 655 777 887 839; x_wconf 75' lang='lat' dir='ltr'>generale3</span> <span class='ocrx_word' id='word_1_89' title='bbox 934 785 1083 839; x_wconf 88' lang='lat' dir='ltr'>itaque</span> <span class='ocrx_word' id='word_1_90' title='bbox 1127 785 1163 826; x_wconf 87' lang='lat' dir='ltr'>si</span> <span class='ocrx_word' id='word_1_91' title='bbox 1204 786 1320 827; x_wconf 88' lang='lat' dir='ltr'>facta</span> <span class='ocrx_word' id='word_1_92' title='bbox 1361 786 1404 826; x_wconf 87' lang='lat' dir='ltr'>et</span> <span class='ocrx_word' id='word_1_93' title='bbox 1445 785 1741 827; x_wconf 82' lang='lat' dir='ltr'>determinata</span> <span class='ocrx_word' id='word_1_94' title='bbox 1788 786 1833 827; x_wconf 88' lang='lat' dir='ltr'>in</span> <span class='ocrx_word' id='word_1_95' title='bbox 1875 787 1989 829; x_wconf 88' lang='lat' dir='ltr'>dicto</span> 
     </span>
     <span class='ocr_line' id='line_1_12' title="bbox 205 855 1989 910; baseline -0.001 -9"><span class='ocrx_word' id='word_1_96' title='bbox 205 858 391 901; x_wconf 90' lang='lat' dir='ltr'>concilio</span> <span class='ocrx_word' id='word_1_97' title='bbox 426 872 512 900; x_wconf 89' lang='lat' dir='ltr'>non</span> <span class='ocrx_word' id='word_1_98' title='bbox 547 858 862 906; x_wconf 74' lang='lat' dir='ltr'>observentur,</span> <span class='ocrx_word' id='word_1_99' title='bbox 898 870 987 898; x_wconf 90' lang='lat' dir='ltr'>non</span> <span class='ocrx_word' id='word_1_100' title='bbox 1021 855 1198 910; x_wconf 84' lang='lat' dir='ltr'>expedit</span> <span class='ocrx_word' id='word_1_101' title='bbox 1235 856 1625 898; x_wconf 83' lang='lat' dir='ltr'>ulterius-recurri</span> <span class='ocrx_word' id='word_1_102' title='bbox 1666 858 1721 899; x_wconf 85' lang='lat' dir='ltr'>ad</span> <span class='ocrx_word' id='word_1_103' title='bbox 1755 859 1989 899; x_wconf 87' lang='lat' dir='ltr'>concilium</span> 
     </span>
    </p>

    <p class='ocr_par' dir='ltr' id='par_1_6' title="bbox 139 925 2002 1972">
     <span class='ocr_line' id='line_1_13' title="bbox 139 925 1990 985; baseline -0.002 -10"><span class='ocrx_word' id='word_1_104' title='bbox 139 931 423 985; x_wconf 70' lang='lat' dir='ltr'>mgenerale,</span> <span class='ocrx_word' id='word_1_105' title='bbox 457 930 575 983; x_wconf 92' lang='lat' dir='ltr'>quod</span> <span class='ocrx_word' id='word_1_106' title='bbox 608 928 742 970; x_wconf 87' lang='lat' dir='ltr'>nimis</span> <span class='ocrx_word' id='word_1_107' title='bbox 776 930 894 970; x_wconf 86' lang='lat' dir='ltr'>esset</span> <span class='ocrx_word' id='word_1_108' title='bbox 927 928 1253 970; x_wconf 85' lang='lat' dir='ltr'>scandalosum.</span> <span class='ocrx_word' id='word_1_109' title='bbox 1288 928 1397 968; x_wconf 84' lang='lat' dir='ltr'>Item</span> <span class='ocrx_word' id='word_1_110' title='bbox 1434 925 1551 983; x_wconf 75' lang='lat' dir='ltr'>(si)&#39;&#39;)</span> <span class='ocrx_word' id='word_1_111' title='bbox 1584 927 1877 971; x_wconf 87' lang='lat' dir='ltr'>difficilimum</span> <span class='ocrx_word' id='word_1_112' title='bbox 1910 932 1990 977; x_wconf 68' lang='lat' dir='ltr'>est,</span> 
     </span>
     <span class='ocr_line' id='line_1_14' title="bbox 206 998 1991 1052; baseline -0.001 -8"><span class='ocrx_word' id='word_1_113' title='bbox 206 1002 304 1044; x_wconf 87' lang='lat' dir='ltr'>illos</span> <span class='ocrx_word' id='word_1_114' title='bbox 338 1003 448 1044; x_wconf 90' lang='lat' dir='ltr'>duos</span> <span class='ocrx_word' id='word_1_115' title='bbox 481 1000 719 1043; x_wconf 88' lang='lat' dir='ltr'>convenire</span> <span class='ocrx_word' id='word_1_116' title='bbox 756 1000 802 1041; x_wconf 89' lang='lat' dir='ltr'>in</span> <span class='ocrx_word' id='word_1_117' title='bbox 841 1013 930 1042; x_wconf 90' lang='lat' dir='ltr'>uno</span> <span class='ocrx_word' id='word_1_118' title='bbox 966 1000 1079 1047; x_wconf 74' lang='lat' dir='ltr'>loeo,</span> <span class='ocrx_word' id='word_1_119' title='bbox 1122 998 1198 1052; x_wconf 89' lang='lat' dir='ltr'>qui</span> <span class='ocrx_word' id='word_1_120' title='bbox 1232 1000 1495 1052; x_wconf 78' lang='lat' dir='ltr'>reputantur</span> <span class='ocrx_word' id='word_1_121' title='bbox 1536 1000 1736 1041; x_wconf 85' lang='lat' dir='ltr'>homines</span> <span class='ocrx_word' id='word_1_122' title='bbox 1773 1001 1856 1042; x_wconf 83' lang='lat' dir='ltr'>vite</span> <span class='ocrx_word' id='word_1_123' title='bbox 1892 1002 1991 1042; x_wconf 86' lang='lat' dir='ltr'>reli—</span> 
     </span>
     <span class='ocr_line' id='line_1_15' title="bbox 207 1070 1992 1127; baseline -0.001 -12"><span class='ocrx_word' id='word_1_124' title='bbox 207 1073 451 1127; x_wconf 77' lang='lat' dir='ltr'>giosissime</span> <span class='ocrx_word' id='word_1_125' title='bbox 479 1074 523 1114; x_wconf 87' lang='lat' dir='ltr'>et</span> <span class='ocrx_word' id='word_1_126' title='bbox 547 1073 689 1114; x_wconf 90' lang='lat' dir='ltr'>Deum</span> <span class='ocrx_word' id='word_1_127' title='bbox 708 1071 930 1123; x_wconf 83' lang='lat' dir='ltr'>timentes,</span> <span class='ocrx_word' id='word_1_128' title='bbox 964 1070 1039 1125; x_wconf 93' lang='lat' dir='ltr'>qui</span> <span class='ocrx_word' id='word_1_129' title='bbox 1073 1070 1110 1111; x_wconf 88' lang='lat' dir='ltr'>si</span> <span class='ocrx_word' id='word_1_130' title='bbox 1145 1072 1255 1113; x_wconf 86' lang='lat' dir='ltr'>forte</span> <span class='ocrx_word' id='word_1_131' title='bbox 1280 1084 1369 1112; x_wconf 90' lang='lat' dir='ltr'>non</span> <span class='ocrx_word' id='word_1_132' title='bbox 1393 1070 1678 1121; x_wconf 67' lang='lat' dir='ltr'>conveniant,</span> <span class='ocrx_word' id='word_1_133' title='bbox 1713 1072 1831 1113; x_wconf 88' lang='lat' dir='ltr'>Deus</span> <span class='ocrx_word' id='word_1_134' title='bbox 1856 1073 1992 1125; x_wconf 75' lang='lat' dir='ltr'>novit,</span> 
     </span>
     <span class='ocr_line' id='line_1_16' title="bbox 207 1142 1994 1199; baseline -0.003 -12"><span class='ocrx_word' id='word_1_135' title='bbox 207 1145 429 1199; x_wconf 89' lang='lat' dir='ltr'>quomodo</span> <span class='ocrx_word' id='word_1_136' title='bbox 462 1144 648 1196; x_wconf 84' lang='lat' dir='ltr'>facient3</span> <span class='ocrx_word' id='word_1_137' title='bbox 683 1145 852 1197; x_wconf 90' lang='lat' dir='ltr'>quanto</span> <span class='ocrx_word' id='word_1_138' title='bbox 887 1142 1112 1184; x_wconf 80' lang='lat' dir='ltr'>difficilius</span> <span class='ocrx_word' id='word_1_139' title='bbox 1146 1143 1251 1191; x_wconf 76' lang='lat' dir='ltr'>erit,</span> <span class='ocrx_word' id='word_1_140' title='bbox 1286 1143 1431 1184; x_wconf 89' lang='lat' dir='ltr'>facere</span> <span class='ocrx_word' id='word_1_141' title='bbox 1465 1143 1702 1184; x_wconf 79' lang='lat' dir='ltr'>convenire</span> <span class='ocrx_word' id='word_1_142' title='bbox 1735 1145 1846 1194; x_wconf 34' lang='lat' dir='ltr'>tres!</span> <span class='ocrx_word' id='word_1_143' title='bbox 1882 1157 1994 1197; x_wconf 83' lang='lat' dir='ltr'>quo-</span> 
     </span>
     <span class='ocr_line' id='line_1_17' title="bbox 207 1213 1993 1269; baseline -0.001 -11"><span class='ocrx_word' id='word_1_144' title='bbox 207 1230 304 1258; x_wconf 90' lang='lat' dir='ltr'>rum</span> <span class='ocrx_word' id='word_1_145' title='bbox 337 1216 501 1257; x_wconf 87' lang='lat' dir='ltr'>tercius</span> <span class='ocrx_word' id='word_1_146' title='bbox 535 1218 754 1269; x_wconf 90' lang='lat' dir='ltr'>quantum</span> <span class='ocrx_word' id='word_1_147' title='bbox 789 1214 1009 1267; x_wconf 74' lang='lat' dir='ltr'>discrepet</span> <span class='ocrx_word' id='word_1_148' title='bbox 1042 1214 1097 1256; x_wconf 90' lang='lat' dir='ltr'>ab</span> <span class='ocrx_word' id='word_1_149' title='bbox 1130 1213 1250 1255; x_wconf 84' lang='lat' dir='ltr'>omni</span> <span class='ocrx_word' id='word_1_150' title='bbox 1285 1213 1493 1266; x_wconf 77' lang='lat' dir='ltr'>religione</span> <span class='ocrx_word' id='word_1_151' title='bbox 1527 1217 1570 1255; x_wconf 81' lang='lat' dir='ltr'>et</span> <span class='ocrx_word' id='word_1_152' title='bbox 1602 1214 1780 1265; x_wconf 73' lang='lat' dir='ltr'>virtute,</span> <span class='ocrx_word' id='word_1_153' title='bbox 1814 1215 1860 1256; x_wconf 91' lang='lat' dir='ltr'>in</span> <span class='ocrx_word' id='word_1_154' title='bbox 1895 1217 1993 1269; x_wconf 89' lang='lat' dir='ltr'>qui-</span> 
     </span>
     <span class='ocr_line' id='line_1_18' title="bbox 142 1286 1995 1339; baseline -0.003 -8"><span class='ocrx_word' id='word_1_155' title='bbox 142 1289 291 1332; x_wconf 80' lang='lat' dir='ltr'>15bus</span> <span class='ocrx_word' id='word_1_156' title='bbox 325 1288 412 1329; x_wconf 92' lang='lat' dir='ltr'>duo</span> <span class='ocrx_word' id='word_1_157' title='bbox 445 1287 651 1338; x_wconf 82' lang='lat' dir='ltr'>militent,</span> <span class='ocrx_word' id='word_1_158' title='bbox 684 1286 766 1328; x_wconf 85' lang='lat' dir='ltr'>toti</span> <span class='ocrx_word' id='word_1_159' title='bbox 800 1287 966 1328; x_wconf 89' lang='lat' dir='ltr'>mundo</span> <span class='ocrx_word' id='word_1_160' title='bbox 1002 1286 1225 1327; x_wconf 87' lang='lat' dir='ltr'>notorium</span> <span class='ocrx_word' id='word_1_161' title='bbox 1259 1289 1326 1327; x_wconf 79' lang='lat' dir='ltr'>est</span> <span class='ocrx_word' id='word_1_162' title='bbox 1361 1287 1406 1326; x_wconf 89' lang='lat' dir='ltr'>et</span> <span class='ocrx_word' id='word_1_163' title='bbox 1440 1286 1540 1339; x_wconf 85' lang='lat' dir='ltr'>plus</span> <span class='ocrx_word' id='word_1_164' title='bbox 1574 1286 1720 1334; x_wconf 73' lang='lat' dir='ltr'>vobis,</span> <span class='ocrx_word' id='word_1_165' title='bbox 1763 1287 1995 1339; x_wconf 71' lang='lat' dir='ltr'>magnifice</span> 
     </span>
     <span class='ocr_line' id='line_1_19' title="bbox 211 1356 1995 1411; baseline -0.001 -11"><span class='ocrx_word' id='word_1_166' title='bbox 211 1359 401 1401; x_wconf 89' lang='lat' dir='ltr'>domine.</span> <span class='ocrx_word' id='word_1_167' title='bbox 460 1359 571 1400; x_wconf 88' lang='lat' dir='ltr'>Item</span> <span class='ocrx_word' id='word_1_168' title='bbox 604 1372 724 1410; x_wconf 86' lang='lat' dir='ltr'>casu,</span> <span class='ocrx_word' id='word_1_169' title='bbox 758 1371 846 1411; x_wconf 90' lang='lat' dir='ltr'>quo</span> <span class='ocrx_word' id='word_1_170' title='bbox 880 1358 1204 1399; x_wconf 75' lang='lat' dir='ltr'>deliberaretur</span> <span class='ocrx_word' id='word_1_171' title='bbox 1236 1356 1384 1409; x_wconf 89' lang='lat' dir='ltr'>ipsum</span> <span class='ocrx_word' id='word_1_172' title='bbox 1416 1357 1604 1398; x_wconf 89' lang='lat' dir='ltr'>tercium</span> <span class='ocrx_word' id='word_1_173' title='bbox 1639 1358 1801 1398; x_wconf 84' lang='lat' dir='ltr'>debere</span> <span class='ocrx_word' id='word_1_174' title='bbox 1833 1359 1995 1409; x_wconf 70' lang='lat' dir='ltr'>vocari,</span> 
     </span>
     <span class='ocr_line' id='line_1_20' title="bbox 210 1427 1995 1483; baseline -0.001 -12"><span class='ocrx_word' id='word_1_175' title='bbox 210 1433 275 1482; x_wconf 79' lang='lat' dir='ltr'>ut,</span> <span class='ocrx_word' id='word_1_176' title='bbox 309 1430 347 1471; x_wconf 86' lang='lat' dir='ltr'>si</span> <span class='ocrx_word' id='word_1_177' title='bbox 371 1443 457 1471; x_wconf 91' lang='lat' dir='ltr'>non</span> <span class='ocrx_word' id='word_1_178' title='bbox 483 1430 671 1477; x_wconf 80' lang='lat' dir='ltr'>veniret,</span> <span class='ocrx_word' id='word_1_179' title='bbox 706 1430 898 1483; x_wconf 85' lang='lat' dir='ltr'>liqueret</span> <span class='ocrx_word' id='word_1_180' title='bbox 932 1430 985 1470; x_wconf 86' lang='lat' dir='ltr'>de</span> <span class='ocrx_word' id='word_1_181' title='bbox 1009 1442 1088 1470; x_wconf 90' lang='lat' dir='ltr'>sua</span> <span class='ocrx_word' id='word_1_182' title='bbox 1110 1441 1248 1481; x_wconf 88' lang='lat' dir='ltr'>prava</span> <span class='ocrx_word' id='word_1_183' title='bbox 1274 1427 1529 1469; x_wconf 83' lang='lat' dir='ltr'>intencione</span> <span class='ocrx_word' id='word_1_184' title='bbox 1552 1428 1631 1469; x_wconf 86' lang='lat' dir='ltr'>toti</span> <span class='ocrx_word' id='word_1_185' title='bbox 1665 1429 1995 1475; x_wconf 76' lang='lat' dir='ltr'>christianitati,</span> 
     </span>
     <span class='ocr_line' id='line_1_21' title="bbox 212 1499 1996 1544; baseline 0 -1"><span class='ocrx_word' id='word_1_186' title='bbox 212 1503 294 1544; x_wconf 89' lang='lat' dir='ltr'>hoc</span> <span class='ocrx_word' id='word_1_187' title='bbox 328 1515 416 1543; x_wconf 91' lang='lat' dir='ltr'>non</span> <span class='ocrx_word' id='word_1_188' title='bbox 451 1502 585 1543; x_wconf 83' lang='lat' dir='ltr'>debet</span> <span class='ocrx_word' id='word_1_189' title='bbox 617 1500 712 1542; x_wconf 83' lang='lat' dir='ltr'>fleri</span> <span class='ocrx_word' id='word_1_190' title='bbox 753 1501 837 1542; x_wconf 88' lang='lat' dir='ltr'>nisi</span> <span class='ocrx_word' id='word_1_191' title='bbox 871 1499 1132 1542; x_wconf 74' lang='lat' dir='ltr'>coadunatis</span> <span class='ocrx_word' id='word_1_192' title='bbox 1172 1500 1348 1541; x_wconf 87' lang='lat' dir='ltr'>duobus</span> <span class='ocrx_word' id='word_1_193' title='bbox 1392 1500 1488 1541; x_wconf 82' lang='lat' dir='ltr'>istis</span> <span class='ocrx_word' id='word_1_194' title='bbox 1522 1500 1713 1541; x_wconf 87' lang='lat' dir='ltr'>dominis</span> <span class='ocrx_word' id='word_1_195' title='bbox 1752 1501 1795 1542; x_wconf 90' lang='lat' dir='ltr'>in</span> <span class='ocrx_word' id='word_1_196' title='bbox 1842 1502 1996 1542; x_wconf 81' lang='lat' dir='ltr'>eodem</span> 
     </span>
     <span class='ocr_line' id='line_1_22' title="bbox 213 1571 1996 1625; baseline -0.001 -10"><span class='ocrx_word' id='word_1_197' title='bbox 213 1574 322 1618; x_wconf 79' lang='lat' dir='ltr'>loeo,</span> <span class='ocrx_word' id='word_1_198' title='bbox 356 1587 411 1614; x_wconf 84' lang='lat' dir='ltr'>ne</span> <span class='ocrx_word' id='word_1_199' title='bbox 444 1573 607 1613; x_wconf 87' lang='lat' dir='ltr'>tercius</span> <span class='ocrx_word' id='word_1_200' title='bbox 641 1585 741 1613; x_wconf 85' lang='lat' dir='ltr'>curn</span> <span class='ocrx_word' id='word_1_201' title='bbox 781 1571 989 1624; x_wconf 79' lang='lat' dir='ltr'>potencia</span> <span class='ocrx_word' id='word_1_202' title='bbox 1022 1584 1100 1612; x_wconf 80' lang='lat' dir='ltr'>sua</span> <span class='ocrx_word' id='word_1_203' title='bbox 1140 1575 1184 1612; x_wconf 86' lang='lat' dir='ltr'>ct</span> <span class='ocrx_word' id='word_1_204' title='bbox 1217 1571 1482 1612; x_wconf 85' lang='lat' dir='ltr'>adherencia</span> <span class='ocrx_word' id='word_1_205' title='bbox 1516 1572 1820 1623; x_wconf 85' lang='lat' dir='ltr'>dominorum,</span> <span class='ocrx_word' id='word_1_206' title='bbox 1864 1586 1996 1625; x_wconf 78' lang='lat' dir='ltr'>quani</span> 
     </span>
     <span class='ocr_line' id='line_1_23' title="bbox 144 1642 1998 1697; baseline -0.003 -8"><span class='ocrx_word' id='word_1_207' title='bbox 144 1645 374 1695; x_wconf 58' lang='lat' dir='ltr'>achabet,</span> <span class='ocrx_word' id='word_1_208' title='bbox 416 1657 534 1694; x_wconf 74' lang='lat' dir='ltr'>casu,</span> <span class='ocrx_word' id='word_1_209' title='bbox 585 1657 672 1697; x_wconf 90' lang='lat' dir='ltr'>quo</span> <span class='ocrx_word' id='word_1_210' title='bbox 716 1644 852 1685; x_wconf 88' lang='lat' dir='ltr'>nollet</span> <span class='ocrx_word' id='word_1_211' title='bbox 892 1643 1186 1690; x_wconf 73' lang='lat' dir='ltr'>intervenire,</span> <span class='ocrx_word' id='word_1_212' title='bbox 1222 1643 1268 1683; x_wconf 90' lang='lat' dir='ltr'>ut</span> <span class='ocrx_word' id='word_1_213' title='bbox 1310 1644 1376 1683; x_wconf 89' lang='lat' dir='ltr'>est</span> <span class='ocrx_word' id='word_1_214' title='bbox 1418 1642 1679 1692; x_wconf 76' lang='lat' dir='ltr'>verisimile,</span> <span class='ocrx_word' id='word_1_215' title='bbox 1726 1644 1872 1685; x_wconf 84' lang='lat' dir='ltr'>saltim</span> <span class='ocrx_word' id='word_1_216' title='bbox 1916 1645 1998 1685; x_wconf 85' lang='lat' dir='ltr'>hoc</span> 
     </span>
     <span class='ocr_line' id='line_1_24' title="bbox 217 1713 1997 1766; baseline -0.001 -9"><span class='ocrx_word' id='word_1_217' title='bbox 217 1717 380 1757; x_wconf 91' lang='lat' dir='ltr'>bonum</span> <span class='ocrx_word' id='word_1_218' title='bbox 430 1716 474 1756; x_wconf 89' lang='lat' dir='ltr'>et</span> <span class='ocrx_word' id='word_1_219' title='bbox 514 1715 621 1756; x_wconf 90' lang='lat' dir='ltr'>utile</span> <span class='ocrx_word' id='word_1_220' title='bbox 662 1714 976 1755; x_wconf 76' lang='lat' dir='ltr'>christianitati</span> <span class='ocrx_word' id='word_1_221' title='bbox 1020 1713 1257 1766; x_wconf 90' lang='lat' dir='ltr'>impediret</span> <span class='ocrx_word' id='word_1_222' title='bbox 1304 1715 1531 1766; x_wconf 80' lang='lat' dir='ltr'>tamquam</span> <span class='ocrx_word' id='word_1_223' title='bbox 1572 1714 1656 1755; x_wconf 74' lang='lat' dir='ltr'>sibi</span> <span class='ocrx_word' id='word_1_224' title='bbox 1706 1714 1749 1755; x_wconf 89' lang='lat' dir='ltr'>in</span> <span class='ocrx_word' id='word_1_225' title='bbox 1799 1716 1997 1757; x_wconf 81' lang='lat' dir='ltr'>futurum</span> 
     </span>
     <span class='ocr_line' id='line_1_25' title="bbox 219 1785 2000 1845; baseline -0.001 -16"><span class='ocrx_word' id='word_1_226' title='bbox 219 1787 517 1829; x_wconf 86' lang='lat' dir='ltr'>verisimiliter</span> <span class='ocrx_word' id='word_1_227' title='bbox 565 1786 832 1845; x_wconf 82' lang='lat' dir='ltr'>nociturum.</span> <span class='ocrx_word' id='word_1_228' title='bbox 910 1785 1020 1826; x_wconf 88' lang='lat' dir='ltr'>Item</span> <span class='ocrx_word' id='word_1_229' title='bbox 1068 1785 1114 1825; x_wconf 87' lang='lat' dir='ltr'>iu</span> <span class='ocrx_word' id='word_1_230' title='bbox 1162 1785 1370 1827; x_wconf 78' lang='lat' dir='ltr'>cordibus</span> <span class='ocrx_word' id='word_1_231' title='bbox 1425 1785 1654 1826; x_wconf 80' lang='lat' dir='ltr'>hominum</span> <span class='ocrx_word' id='word_1_232' title='bbox 1709 1787 2000 1827; x_wconf 86' lang='lat' dir='ltr'>communiter</span> 
     </span>
     <span class='ocr_line' id='line_1_26' title="bbox 219 1855 2000 1910; baseline 0 -11"><span class='ocrx_word' id='word_1_233' title='bbox 219 1858 428 1900; x_wconf 79' lang='lat' dir='ltr'>maiorem</span> <span class='ocrx_word' id='word_1_234' title='bbox 462 1857 771 1899; x_wconf 88' lang='lat' dir='ltr'>obedienciam</span> <span class='ocrx_word' id='word_1_235' title='bbox 803 1858 936 1899; x_wconf 86' lang='lat' dir='ltr'>habet</span> <span class='ocrx_word' id='word_1_236' title='bbox 970 1856 1166 1910; x_wconf 85' lang='lat' dir='ltr'>quelibet</span> <span class='ocrx_word' id='word_1_237' title='bbox 1204 1855 1391 1897; x_wconf 80' lang='lat' dir='ltr'>istarum</span> <span class='ocrx_word' id='word_1_238' title='bbox 1424 1856 1625 1909; x_wconf 89' lang='lat' dir='ltr'>parcium</span> <span class='ocrx_word' id='word_1_239' title='bbox 1661 1870 1795 1910; x_wconf 85' lang='lat' dir='ltr'>quam</span> <span class='ocrx_word' id='word_1_240' title='bbox 1829 1858 1911 1898; x_wconf 74' lang='lat' dir='ltr'>iste¹</span> <span class='ocrx_word' id='word_1_241' title='bbox 1947 1859 2000 1899; x_wconf 85' lang='lat' dir='ltr'>de</span> 
     </span>
     <span class='ocr_line' id='line_1_27' title="bbox 219 1927 2002 1972; baseline -0.001 -1"><span class='ocrx_word' id='word_1_242' title='bbox 219 1931 364 1972; x_wconf 82' lang='lat' dir='ltr'>Roma</span> <span class='ocrx_word' id='word_1_243' title='bbox 396 1931 440 1970; x_wconf 89' lang='lat' dir='ltr'>et</span> <span class='ocrx_word' id='word_1_244' title='bbox 474 1928 734 1970; x_wconf 82' lang='lat' dir='ltr'>melioribus</span> <span class='ocrx_word' id='word_1_245' title='bbox 767 1929 939 1970; x_wconf 86' lang='lat' dir='ltr'>iuribus</span> <span class='ocrx_word' id='word_1_246' title='bbox 974 1928 1227 1969; x_wconf 83' lang='lat' dir='ltr'>defensatur</span> <span class='ocrx_word' id='word_1_247' title='bbox 1262 1927 1306 1968; x_wconf 91' lang='lat' dir='ltr'>in</span> <span class='ocrx_word' id='word_1_248' title='bbox 1346 1930 1464 1969; x_wconf 80' lang='lat' dir='ltr'>recto</span> <span class='ocrx_word' id='word_1_249' title='bbox 1498 1927 1593 1969; x_wconf 89' lang='lat' dir='ltr'>iure</span> <span class='ocrx_word' id='word_1_250' title='bbox 1627 1931 1670 1968; x_wconf 86' lang='lat' dir='ltr'>et.</span> <span class='ocrx_word' id='word_1_251' title='bbox 1701 1929 1878 1970; x_wconf 85' lang='lat' dir='ltr'>racione</span> <span class='ocrx_word' id='word_1_252' title='bbox 1913 1943 2002 1970; x_wconf 88' lang='lat' dir='ltr'>non</span> 
     </span>
    </p>

    <p class='ocr_par' dir='ltr' id='par_1_7' title="bbox 149 1999 2005 2328">
     <span class='ocr_line' id='line_1_28' title="bbox 149 1999 2002 2054; baseline -0.002 -10"><span class='ocrx_word' id='word_1_253' title='bbox 149 2004 203 2044; x_wconf 79' lang='lat'>25</span> <span class='ocrx_word' id='word_1_254' title='bbox 220 2000 417 2054; x_wconf 64' lang='lat' dir='ltr'>parciali</span> <span class='ocrx_word' id='word_1_255' title='bbox 442 2002 611 2053; x_wconf 85' lang='lat' dir='ltr'>quanto</span> <span class='ocrx_word' id='word_1_256' title='bbox 644 1999 782 2053; x_wconf 85' lang='lat' dir='ltr'>magis</span> <span class='ocrx_word' id='word_1_257' title='bbox 804 2000 941 2040; x_wconf 83' lang='lat' dir='ltr'>unitis</span> <span class='ocrx_word' id='word_1_258' title='bbox 960 1999 1056 2040; x_wconf 78' lang='lat' dir='ltr'>istis</span> <span class='ocrx_word' id='word_1_259' title='bbox 1078 2000 1264 2040; x_wconf 74' lang='lat' dir='ltr'>duabus</span> <span class='ocrx_word' id='word_1_260' title='bbox 1292 2000 1414 2049; x_wconf 59' lang='lat' dir='ltr'>Pam,</span> <span class='ocrx_word' id='word_1_261' title='bbox 1435 2012 1522 2051; x_wconf 76' lang='lat' dir='ltr'>que</span> <span class='ocrx_word' id='word_1_262' title='bbox 1558 1999 1609 2040; x_wconf 81' lang='lat' dir='ltr'>ex</span> <span class='ocrx_word' id='word_1_263' title='bbox 1633 1999 1729 2040; x_wconf 83' lang='lat' dir='ltr'>istis</span> <span class='ocrx_word' id='word_1_264' title='bbox 1753 2000 2002 2049; x_wconf 65' lang='lat' dir='ltr'>resultabit,</span> 
     </span>
     <span class='ocr_line' id='line_1_29' title="bbox 220 2070 2003 2123; baseline -0.001 -10"><span class='ocrx_word' id='word_1_265' title='bbox 220 2071 396 2113; x_wconf 82' lang='lat' dir='ltr'>forciori</span> <span class='ocrx_word' id='word_1_266' title='bbox 429 2071 510 2113; x_wconf 81' lang='lat' dir='ltr'>crit</span> <span class='ocrx_word' id='word_1_267' title='bbox 546 2072 717 2113; x_wconf 85' lang='lat' dir='ltr'>munita</span> <span class='ocrx_word' id='word_1_268' title='bbox 750 2072 846 2112; x_wconf 84' lang='lat' dir='ltr'>iure</span> <span class='ocrx_word' id='word_1_269' title='bbox 879 2073 923 2112; x_wconf 86' lang='lat' dir='ltr'>et</span> <span class='ocrx_word' id='word_1_270' title='bbox 956 2071 1071 2112; x_wconf 81' lang='lat' dir='ltr'>facto</span> <span class='ocrx_word' id='word_1_271' title='bbox 1105 2071 1312 2122; x_wconf 82' lang='lat' dir='ltr'>duarum,</span> <span class='ocrx_word' id='word_1_272' title='bbox 1354 2073 1521 2123; x_wconf 89' lang='lat' dir='ltr'>quanto</span> <span class='ocrx_word' id='word_1_273' title='bbox 1561 2070 1731 2111; x_wconf 74' lang='lat' dir='ltr'>facilius</span> <span class='ocrx_word' id='word_1_274' title='bbox 1765 2073 1807 2111; x_wconf 83' lang='lat' dir='ltr'>et</span> <span class='ocrx_word' id='word_1_275' title='bbox 1840 2071 2003 2112; x_wconf 86' lang='lat' dir='ltr'>sorcius</span> 
     </span>
     <span class='ocr_line' id='line_1_30' title="bbox 222 2142 2005 2196; baseline 0 -12"><span class='ocrx_word' id='word_1_276' title='bbox 222 2143 402 2184; x_wconf 79' lang='lat' dir='ltr'>resistet</span> <span class='ocrx_word' id='word_1_277' title='bbox 440 2145 483 2184; x_wconf 90' lang='lat' dir='ltr'>et</span> <span class='ocrx_word' id='word_1_278' title='bbox 524 2142 803 2196; x_wconf 84' lang='lat' dir='ltr'>impugnabit</span> <span class='ocrx_word' id='word_1_279' title='bbox 842 2142 1044 2183; x_wconf 84' lang='lat' dir='ltr'>inimicos</span> <span class='ocrx_word' id='word_1_280' title='bbox 1087 2142 1272 2183; x_wconf 78' lang='lat' dir='ltr'>ecclesie</span> <span class='ocrx_word' id='word_1_281' title='bbox 1314 2142 1358 2182; x_wconf 91' lang='lat' dir='ltr'>in</span> <span class='ocrx_word' id='word_1_282' title='bbox 1400 2155 1560 2194; x_wconf 79' lang='lat' dir='ltr'>guerra</span> <span class='ocrx_word' id='word_1_283' title='bbox 1610 2142 1714 2193; x_wconf 80' lang='lat' dir='ltr'>ista,</span> <span class='ocrx_word' id='word_1_284' title='bbox 1759 2156 1891 2196; x_wconf 86' lang='lat' dir='ltr'>quam</span> <span class='ocrx_word' id='word_1_285' title='bbox 1935 2142 2005 2184; x_wconf 81' lang='lat' dir='ltr'>hic</span> 
     </span>
     <span class='ocr_line' id='line_1_31' title="bbox 222 2213 2005 2267; baseline 0 -12"><span class='ocrx_word' id='word_1_286' title='bbox 222 2214 443 2267; x_wconf 76' lang='lat' dir='ltr'>patimini,</span> <span class='ocrx_word' id='word_1_287' title='bbox 477 2216 518 2255; x_wconf 90' lang='lat' dir='ltr'>et</span> <span class='ocrx_word' id='word_1_288' title='bbox 552 2213 752 2255; x_wconf 87' lang='lat' dir='ltr'>similiter</span> <span class='ocrx_word' id='word_1_289' title='bbox 784 2213 968 2255; x_wconf 91' lang='lat' dir='ltr'>cuilibet</span> <span class='ocrx_word' id='word_1_290' title='bbox 1002 2216 1120 2255; x_wconf 85' lang='lat' dir='ltr'>recte</span> <span class='ocrx_word' id='word_1_291' title='bbox 1152 2213 1342 2254; x_wconf 87' lang='lat' dir='ltr'>intuenti</span> <span class='ocrx_word' id='word_1_292' title='bbox 1374 2215 1578 2254; x_wconf 79' lang='lat' dir='ltr'>constare</span> <span class='ocrx_word' id='word_1_293' title='bbox 1608 2215 1768 2266; x_wconf 72' lang='lat' dir='ltr'>potest,</span> <span class='ocrx_word' id='word_1_294' title='bbox 1802 2214 1863 2255; x_wconf 86' lang='lat' dir='ltr'>ita</span> <span class='ocrx_word' id='word_1_295' title='bbox 1887 2215 2005 2267; x_wconf 85' lang='lat' dir='ltr'>quod</span> 
     </span>
     <span class='ocr_line' id='line_1_32' title="bbox 223 2283 2005 2328; baseline -0.001 -1"><span class='ocrx_word' id='word_1_296' title='bbox 223 2285 464 2328; x_wconf 87' lang='lat' dir='ltr'>convencio</span> <span class='ocrx_word' id='word_1_297' title='bbox 497 2285 684 2326; x_wconf 82' lang='lat' dir='ltr'>istorum</span> <span class='ocrx_word' id='word_1_298' title='bbox 718 2285 905 2327; x_wconf 90' lang='lat' dir='ltr'>duorum</span> <span class='ocrx_word' id='word_1_299' title='bbox 940 2285 1012 2326; x_wconf 79' lang='lat' dir='ltr'>via</span> <span class='ocrx_word' id='word_1_300' title='bbox 1043 2286 1112 2325; x_wconf 86' lang='lat' dir='ltr'>est</span> <span class='ocrx_word' id='word_1_301' title='bbox 1145 2287 1189 2326; x_wconf 89' lang='lat' dir='ltr'>et</span> <span class='ocrx_word' id='word_1_302' title='bbox 1222 2285 1419 2325; x_wconf 85' lang='lat' dir='ltr'>medium</span> <span class='ocrx_word' id='word_1_303' title='bbox 1454 2283 1630 2325; x_wconf 88' lang='lat' dir='ltr'>unionis</span> <span class='ocrx_word' id='word_1_304' title='bbox 1664 2285 1849 2326; x_wconf 78' lang='lat' dir='ltr'>ecclesie</span> <span class='ocrx_word' id='word_1_305' title='bbox 1884 2287 2005 2326; x_wconf 82' lang='lat' dir='ltr'>stan-</span> 
     </span>
    </p>

    <p class='ocr_par' dir='ltr' id='par_1_8' title="bbox 154 2355 2006 2469">
     <span class='ocr_line' id='line_1_33' title="bbox 154 2355 2006 2410; baseline -0.001 -11"><span class='ocrx_word' id='word_1_306' title='bbox 154 2359 209 2400; x_wconf 88' lang='lat'>30</span> <span class='ocrx_word' id='word_1_307' title='bbox 222 2356 342 2398; x_wconf 91' lang='lat' dir='ltr'>tibus</span> <span class='ocrx_word' id='word_1_308' title='bbox 375 2355 591 2408; x_wconf 76' lang='lat' dir='ltr'>terminis,</span> <span class='ocrx_word' id='word_1_309' title='bbox 625 2356 670 2396; x_wconf 89' lang='lat' dir='ltr'>in</span> <span class='ocrx_word' id='word_1_310' title='bbox 695 2356 857 2410; x_wconf 90' lang='lat' dir='ltr'>quibus</span> <span class='ocrx_word' id='word_1_311' title='bbox 891 2358 970 2406; x_wconf 74' lang='lat' dir='ltr'>est,</span> <span class='ocrx_word' id='word_1_312' title='bbox 1005 2358 1047 2397; x_wconf 88' lang='lat' dir='ltr'>et</span> <span class='ocrx_word' id='word_1_313' title='bbox 1081 2356 1303 2397; x_wconf 82' lang='lat' dir='ltr'>discordia</span> <span class='ocrx_word' id='word_1_314' title='bbox 1336 2356 1522 2396; x_wconf 82' lang='lat' dir='ltr'>istorum</span> <span class='ocrx_word' id='word_1_315' title='bbox 1557 2357 1624 2396; x_wconf 81' lang='lat' dir='ltr'>ost</span> <span class='ocrx_word' id='word_1_316' title='bbox 1658 2355 1834 2397; x_wconf 77' lang='lat' dir='ltr'>firmare</span> <span class='ocrx_word' id='word_1_317' title='bbox 1868 2357 2006 2397; x_wconf 83' lang='lat' dir='ltr'>eccle-</span> 
     </span>
     <span class='ocr_line' id='line_1_34' title="bbox 225 2427 1077 2469; baseline -0.001 0"><span class='ocrx_word' id='word_1_318' title='bbox 225 2427 335 2469; x_wconf 87' lang='lat' dir='ltr'>siam</span> <span class='ocrx_word' id='word_1_319' title='bbox 369 2428 414 2469; x_wconf 88' lang='lat' dir='ltr'>in</span> <span class='ocrx_word' id='word_1_320' title='bbox 445 2427 651 2469; x_wconf 84' lang='lat' dir='ltr'>manibus</span> <span class='ocrx_word' id='word_1_321' title='bbox 684 2427 884 2469; x_wconf 84' lang='lat' dir='ltr'>sathane.</span> <span class='ocrx_word' id='word_1_322' title='bbox 1075 2431 1077 2433; x_wconf 82' lang='lat'>&#39;</span> 
     </span>
    </p>

    <p class='ocr_par' dir='ltr' id='par_1_9' title="bbox 227 2498 2010 2694">
     <span class='ocr_line' id='line_1_35' title="bbox 344 2498 2009 2552; baseline 0 -13"><span class='ocrx_word' id='word_1_323' title='bbox 344 2498 415 2540; x_wconf 94' lang='lat' dir='ltr'>Ad</span> <span class='ocrx_word' id='word_1_324' title='bbox 453 2499 698 2540; x_wconf 88' lang='lat' dir='ltr'>secundum</span> <span class='ocrx_word' id='word_1_325' title='bbox 742 2499 1084 2552; x_wconf 80' lang='lat' dir='ltr'>respondemus,</span> <span class='ocrx_word' id='word_1_326' title='bbox 1125 2499 1245 2551; x_wconf 88' lang='lat' dir='ltr'>quod</span> <span class='ocrx_word' id='word_1_327' title='bbox 1286 2499 1381 2540; x_wconf 83' lang='lat' dir='ltr'>loca</span> <span class='ocrx_word' id='word_1_328' title='bbox 1420 2500 1524 2539; x_wconf 88' lang='lat' dir='ltr'>sunt</span> <span class='ocrx_word' id='word_1_329' title='bbox 1556 2498 1641 2539; x_wconf 88' lang='lat' dir='ltr'>iam</span> <span class='ocrx_word' id='word_1_330' title='bbox 1687 2498 1836 2540; x_wconf 84' lang='lat' dir='ltr'>oblata</span> <span class='ocrx_word' id='word_1_331' title='bbox 1865 2501 2009 2539; x_wconf 75' lang='lat' dir='ltr'>vestre,</span> 
     </span>
     <span class='ocr_line' id='line_1_36' title="bbox 228 2569 2010 2625; baseline -0.001 -14"><span class='ocrx_word' id='word_1_332' title='bbox 228 2569 522 2612; x_wconf 89' lang='lat' dir='ltr'>dominacioni</span> <span class='ocrx_word' id='word_1_333' title='bbox 570 2583 653 2623; x_wconf 92' lang='lat' dir='ltr'>per</span> <span class='ocrx_word' id='word_1_334' title='bbox 701 2570 901 2611; x_wconf 78' lang='lat' dir='ltr'>Garsiani</span> <span class='ocrx_word' id='word_1_335' title='bbox 949 2583 1001 2611; x_wconf 83' lang='lat' dir='ltr'>ex</span> <span class='ocrx_word' id='word_1_336' title='bbox 1049 2571 1175 2623; x_wconf 88' lang='lat' dir='ltr'>parte</span> <span class='ocrx_word' id='word_1_337' title='bbox 1224 2569 1391 2611; x_wconf 89' lang='lat' dir='ltr'>domini</span> <span class='ocrx_word' id='word_1_338' title='bbox 1440 2569 1648 2625; x_wconf 80' lang='lat' dir='ltr'>nostri.¹)</span> <span class='ocrx_word' id='word_1_339' title='bbox 1719 2569 1872 2622; x_wconf 84' lang='lat' dir='ltr'>Itaque.</span> <span class='ocrx_word' id='word_1_340' title='bbox 1922 2583 2010 2610; x_wconf 86' lang='lat' dir='ltr'>non</span> 
     </span>
     <span class='ocr_line' id='line_1_37' title="bbox 227 2640 870 2694; baseline 0 -12"><span class='ocrx_word' id='word_1_341' title='bbox 227 2642 378 2693; x_wconf 84' lang='lat' dir='ltr'>restat,</span> <span class='ocrx_word' id='word_1_342' title='bbox 413 2640 499 2682; x_wconf 85' lang='lat' dir='ltr'>nisi</span> <span class='ocrx_word' id='word_1_343' title='bbox 532 2641 652 2694; x_wconf 91' lang='lat' dir='ltr'>quod</span> <span class='ocrx_word' id='word_1_344' title='bbox 684 2640 870 2693; x_wconf 80' lang='lat' dir='ltr'>eligatis.</span> 
     </span>
    </p>

    <p class='ocr_par' dir='ltr' id='par_1_10' title="bbox 158 2710 2012 2908">
     <span class='ocr_line' id='line_1_38' title="bbox 158 2710 2011 2766; baseline -0.001 -12"><span class='ocrx_word' id='word_1_345' title='bbox 158 2713 212 2754; x_wconf 84' lang='lat'>35</span> <span class='ocrx_word' id='word_1_346' title='bbox 347 2711 418 2754; x_wconf 93' lang='lat' dir='ltr'>Ad</span> <span class='ocrx_word' id='word_1_347' title='bbox 449 2712 658 2762; x_wconf 72' lang='lat' dir='ltr'>tercium,</span> <span class='ocrx_word' id='word_1_348' title='bbox 691 2712 810 2765; x_wconf 84' lang='lat' dir='ltr'>quod</span> <span class='ocrx_word' id='word_1_349' title='bbox 843 2711 930 2754; x_wconf 85' lang='lat' dir='ltr'>tria</span> <span class='ocrx_word' id='word_1_350' title='bbox 959 2712 1160 2762; x_wconf 80' lang='lat' dir='ltr'>includit,</span> <span class='ocrx_word' id='word_1_351' title='bbox 1201 2712 1523 2766; x_wconf 87' lang='lat' dir='ltr'>respondemus</span> <span class='ocrx_word' id='word_1_352' title='bbox 1557 2713 1602 2752; x_wconf 87' lang='lat' dir='ltr'>et</span> <span class='ocrx_word' id='word_1_353' title='bbox 1634 2710 1776 2764; x_wconf 88' lang='lat' dir='ltr'>primo</span> <span class='ocrx_word' id='word_1_354' title='bbox 1820 2711 1875 2752; x_wconf 88' lang='lat' dir='ltr'>ad</span> <span class='ocrx_word' id='word_1_355' title='bbox 1908 2723 2011 2763; x_wconf 88' lang='lat' dir='ltr'>pos-</span> 
     </span>
     <span class='ocr_line' id='line_1_39' title="bbox 229 2782 2010 2836; baseline -0.001 -12"><span class='ocrx_word' id='word_1_356' title='bbox 229 2783 502 2835; x_wconf 79' lang='lat' dir='ltr'>sibilitatem,</span> <span class='ocrx_word' id='word_1_357' title='bbox 525 2784 646 2836; x_wconf 91' lang='lat' dir='ltr'>quod</span> <span class='ocrx_word' id='word_1_358' title='bbox 678 2796 769 2824; x_wconf 88' lang='lat' dir='ltr'>non</span> <span class='ocrx_word' id='word_1_359' title='bbox 791 2783 993 2825; x_wconf 88' lang='lat' dir='ltr'>videmus</span> <span class='ocrx_word' id='word_1_360' title='bbox 1017 2782 1196 2825; x_wconf 81' lang='lat' dir='ltr'>difficile</span> <span class='ocrx_word' id='word_1_361' title='bbox 1228 2797 1372 2836; x_wconf 89' lang='lat' dir='ltr'>ymmo</span> <span class='ocrx_word' id='word_1_362' title='bbox 1411 2782 1538 2824; x_wconf 90' lang='lat' dir='ltr'>facile</span> <span class='ocrx_word' id='word_1_363' title='bbox 1563 2783 1792 2824; x_wconf 88' lang='lat' dir='ltr'>dominum</span> <span class='ocrx_word' id='word_1_364' title='bbox 1815 2785 2010 2824; x_wconf 83' lang='lat' dir='ltr'>vestrum</span> 
     </span>
     <span class='ocr_line' id='line_1_40' title="bbox 230 2852 2012 2908; baseline -0.001 -13"><span class='ocrx_word' id='word_1_365' title='bbox 230 2866 332 2895; x_wconf 91' lang='lat' dir='ltr'>cum</span> <span class='ocrx_word' id='word_1_366' title='bbox 365 2866 445 2895; x_wconf 89' lang='lat' dir='ltr'>sua</span> <span class='ocrx_word' id='word_1_367' title='bbox 477 2853 625 2907; x_wconf 80' lang='lat' dir='ltr'>curia,</span> <span class='ocrx_word' id='word_1_368' title='bbox 668 2854 782 2895; x_wconf 86' lang='lat' dir='ltr'>sicut</span> <span class='ocrx_word' id='word_1_369' title='bbox 816 2854 935 2896; x_wconf 88' lang='lat' dir='ltr'>venit</span> <span class='ocrx_word' id='word_1_370' title='bbox 967 2855 1021 2896; x_wconf 89' lang='lat' dir='ltr'>de</span> <span class='ocrx_word' id='word_1_371' title='bbox 1055 2853 1230 2906; x_wconf 82' lang='lat' dir='ltr'>Gaieta,</span> <span class='ocrx_word' id='word_1_372' title='bbox 1270 2854 1334 2895; x_wconf 87' lang='lat' dir='ltr'>ita</span> <span class='ocrx_word' id='word_1_373' title='bbox 1372 2867 1504 2908; x_wconf 81' lang='lat' dir='ltr'>posse</span> <span class='ocrx_word' id='word_1_374' title='bbox 1547 2853 1611 2894; x_wconf 86' lang='lat' dir='ltr'>ire</span> <span class='ocrx_word' id='word_1_375' title='bbox 1643 2854 1703 2895; x_wconf 40' lang='lat' dir='ltr'>ad:</span> <span class='ocrx_word' id='word_1_376' title='bbox 1730 2852 1925 2906; x_wconf 86' lang='lat' dir='ltr'>aliquam</span> <span class='ocrx_word' id='word_1_377' title='bbox 1959 2853 2012 2894; x_wconf 86' lang='lat' dir='ltr'>de</span> 
     </span>
    </p>
   </div>
   <div class='ocr_carea' id='block_1_5' title="bbox 350 3016 1623 3124">
    <p class='ocr_par' dir='ltr' id='par_1_11' title="bbox 350 3016 1623 3124">
     <span class='ocr_line' id='line_1_41' title="bbox 350 3016 1623 3053; baseline -0.002 -8"><span class='ocrx_word' id='word_1_378' title='bbox 350 3018 381 3051; x_wconf 89' lang='lat' dir='ltr'>a)</span> <span class='ocrx_word' id='word_1_379' title='bbox 403 3017 448 3046; x_wconf 87' lang='lat' dir='ltr'>Ob</span> <span class='ocrx_word' id='word_1_380' title='bbox 469 3018 626 3053; x_wconf 82' lang='lat' dir='ltr'>reputant</span> <span class='ocrx_word' id='word_1_381' title='bbox 645 3018 713 3045; x_wconf 78' lang='lat' dir='ltr'>und</span> <span class='ocrx_word' id='word_1_382' title='bbox 735 3018 801 3052; x_wconf 78' lang='lat' dir='ltr'>auf</span> <span class='ocrx_word' id='word_1_383' title='bbox 818 3018 868 3045; x_wconf 78' lang='lat' dir='ltr'>czie</span> <span class='ocrx_word' id='word_1_384' title='bbox 889 3017 1129 3053; x_wconf 75' lang='lat' dir='ltr'>Allyemeinheit</span> <span class='ocrx_word' id='word_1_385' title='bbox 1150 3017 1306 3053; x_wconf 68' lang='lat' dir='ltr'>bezoyen?</span> <span class='ocrx_word' id='word_1_386' title='bbox 1380 3018 1413 3052; x_wconf 88' lang='lat' dir='ltr'>b)</span> <span class='ocrx_word' id='word_1_387' title='bbox 1433 3017 1464 3050; x_wconf 50' lang='lat' dir='ltr'>,si</span> <span class='ocrx_word' id='word_1_388' title='bbox 1483 3016 1565 3051; x_wconf 77' lang='lat' dir='ltr'>fehlt</span> <span class='ocrx_word' id='word_1_389' title='bbox 1585 3018 1623 3044; x_wconf 90' lang='lat' dir='ltr'>B.</span> 
     </span>
     <span class='ocr_line' id='line_1_42' title="bbox 354 3076 636 3124; baseline 0 -12"><span class='ocrx_word' id='word_1_390' title='bbox 354 3078 379 3120; x_wconf 80' lang='grc' dir='ltr'>ι)</span> <span class='ocrx_word' id='word_1_391' title='bbox 417 3076 483 3124; x_wconf 67' lang='lat' dir='ltr'>ryl.</span> <span class='ocrx_word' id='word_1_392' title='bbox 513 3077 575 3112; x_wconf 56' lang='grc' dir='ltr'>ΝΤ.</span> <span class='ocrx_word' id='word_1_393' title='bbox 602 3078 636 3112; x_wconf 85' lang='lat'>8.</span> 
     </span>
    </p>
   </div>
  </div>
 </body>
</html>
