2216 3432
371 167 409 203 (3.
435 167 632 210 Malatesta‘,
659 167 794 213 Gregor
817 168 900 204 X11.
926 169 999 203 und
1027 169 1201 203 Benedikt
1225 168 1327 203 X111.
1356 170 1601 205 1410—1413.
1629 169 1690 204 Nr.
1721 171 1774 206 15.
1925 160 1978 202 75

194 273 264 319 15.
298 273 554 316 Instmktion
585 272 700 316 Karl
729 274 979 316 Malatestas
1006 275 1093 330 fiir
1123 276 1232 317 seine
1265 274 1502 318 Gesandcen
1543 290 1599 316 an
1639 275 1717 342 die„
1735 290 1824 316 vom
1855 277 1979 317 νόφηὶ-

192 345 316 387 sclzen
361 344 513 387 Konzil
558 344 915 387 zurizelclcelzrende
951 346 1245 401 franzdsisclte
1284 345 1632 398 Gesandtsclzaf't3
1683 345 1722 386 U
1724 345 1980 402 ber-sencluny

551 416 626 458 der
656 416 776 459 modi
808 415 992 472 Gregsors
1025 415 1128 459 XII.
1195 415 1332 471 (1413
1362 415 1611 472 Fric'lzjalcr.)

264 510 296 544 B
320 522 383 544 aus
417 510 524 554 Wien,
551 510 641 556 Hos·
667 511 740 544 und
764 509 1083 545 staatsbihlmtleek
1109 512 1186 545 eod.
1212 511 1345 556 5096‘f.
1374 510 1453 545 141.

151 613 175 654 5
311 606 361 648 In
395 606 561 648 Christi
594 606 774 649 nomine
807 620 951 649 amen.
1002 606 1196 649 Dicenda
1227 621 1308 661 pro
1341 609 1469 661 parte
1494 607 1712 661 magnifici
1747 609 1791 649 et
1813 607 1975 649 excelsi

192 677 375 730 domini,
410 677 574 720 domini
609 678 756 720 Caroli
790 679 844 720 de
876 679 1136 721 Malatestis.

311 749 361 790 In
394 748 549 802 primis
582 749 977 792 ambassiatoribus
1010 749 1242 805 Franciel)
1281 749 1510 802 premissis
1552 749 1900 792 salutacionihus
1933 750 1977 791 et

190 819 451 861 ceremoniis
483 820 834 862 condecentibus
869 820 1037 869 dicere,
1082 821 1275 875 qualiter
1314 821 1410 874 ipse
1455 820 1713 874 magnificus
1753 821 1974 872 dominus,

189 890 226 932 si
257 891 540 945 prescivisset
571 905 723 933 eorum
767 905 995 933 accessum
1029 893 1083 934 ad
1118 891 1352 946 u1·bem2)‚
1394 892 1610 934 libencius
1644 880 1750 933 tunc
1783 891 1975 933 misisset

123 969 174 1010 10
194 962 275 1013 eis,
308 965 377 1004 set
409 962 596 1004 nescivit
628 962 712 1004 nisi
746 964 847 1016 post
879 963 1133 1014 transitum,
1168 976 1285 1004 nunc
1317 977 1421 1005 vero
1454 962 1640 1005 audiens
1673 976 1825 1005 eorum
1858 962 1976 1003 redi-

188 1033 331 1088 tumss)
376 1034 534 1085 mittit,
583 1034 771 1076 maxime
820 1048 873 1076 ex
905 1048 1063 1086 causa,
1102 1037 1287 1088 propter
1328 1048 1462 1088 quam
1520 1048 1595 1076 eos
1638 1034 1799 1075 dicitur
1838 1034 1973 1076 fuisse

188 1105 234 1146 in
268 1105 399 1157 urbe,
443 1119 529 1159 que
571 1106 713 1147 fertur
746 1120 842 1147 esse
885 1107 1072 1160 propter
1114 1106 1323 1148 unionem
1364 1108 1406 1147 et
1444 1120 1600 1159 pacem
1634 1105 1972 1147 christianitatis

188 1177 234 1217 et
272 1175 642 1218 reformacionem
681 1177 865 1219 ecclesie
905 1180 1056 1219 sancte
1091 1177 1190 1230 Dei,
1235 1179 1291 1220 ad
1323 1191 1410 1231 que
1443 1177 1632 1231 quilibet
1676 1177 1819 1218 fidelis
1858 1176 1973 1217 chri-

187 1247 360 1289 stianus
393 1247 556 1290 iudicio
596 1262 676 1290 suo
711 1249 894 1290 deberet
935 1249 1039 1290 totis
1084 1249 1320 1291 affectibus
1363 1249 1596 1291 intendere
1630 1248 1883 1300 diligenter,
1923 1248 1967 1288 et

120 1326 171 1367 15
188 1319 293 1372 quia
333 1320 429 1373 ipse
472 1319 731 1372 magnificus
765 1320 991 1372 dominus,
1036 1321 1138 1362 licet
1171 1321 1381 1362 minimus
1423 1320 1538 1362 inter
1571 1321 1704 1371 alios,
1743 1322 1972 1372 tamquam

186 1389 366 1430 humilis
409 1404 565 1432 servus
605 1392 647 1432 et
684 1391 891 1432 subditus
934 1391 1048 1433 dicte
1089 1394 1243 1434 sancte
1285 1392 1438 1433 matris
1482 1391 1667 1433 ecclesie
1710 1404 1809 1432 cum
1852 1389 1971 1432 omni

188 1459 407 1503 desiderio
441 1460 585 1503 cordis
618 1461 687 1503 sui
718 1462 817 1515 ipsa
839 1463 989 1504 videre
1021 1464 1148 1516 optat
1181 1465 1224 1504 et
1255 1476 1336 1516 pro
1369 1463 1492 1517 ipsis,
1517 1463 1735 1516 quantum
1756 1460 1970 1516 possibile

187 1530 271 1572 sibi
304 1531 377 1582 sit,
412 1531 517 1574 totis
551 1532 783 1574 conatibus
817 1533 1006 1590 operari,
1040 1547 1087 1574 se
1121 1536 1269 1576 movet
1302 1535 1357 1575 ad
1391 1534 1489 1576 ista.

307 1601 492 1644 Audivit
524 1602 746 1656 siquidem
778 1604 1055 1646 reverencias
1088 1618 1191 1646 suas
1230 1605 1276 1646 in
1310 1606 1421 1646 urbe
1459 1617 1723 1659 procurasse
1754 1616 1835 1656 pro
1867 1616 1969 1656 prc-

116 1683 172 1724 20
189 1672 408 1714 dictorum
442 1673 605 1715 effectu
635 1673 732 1715 fieri
766 1688 904 1716 unum
938 1675 1176 1717 concilium
1206 1675 1457 1717 universale
1489 1675 1534 1716 in
1565 1688 1652 1716 uno
1687 1675 1780 1716 loco
1815 1674 1968 1726 libero,

187 1756 343 1785 securo
376 1745 418 1785 et
454 1744 662 1786 omnibus
695 1746 941 1798 communi,
982 1747 1102 1800 quod
1135 1747 1171 1788 si
1205 1747 1268 1788 sic
1301 1748 1418 1788 esset
1456 1748 1498 1788 et
1530 1745 1657 1787 fieret
1690 1758 1790 1786 cum
1825 1744 1968 1786 modis

186 1813 317 1855 licitis
356 1815 400 1855 et
440 1815 641 1857 honestis
689 1818 733 1857 et
765 1817 1076 1859 communibus
1110 1818 1218 1867 illis,
1259 1831 1451 1871 quorum
1490 1817 1723 1870 negocium
1765 1815 1967 1866 interest,

185 1885 429 1938 laudabile,
491 1887 768 1928 meritorium
816 1889 860 1929 et
905 1889 1257 1930 commendabile
1315 1889 1434 1943 apud
1477 1889 1620 1930 Deum
1683 1889 1726 1929 et
1764 1886 1968 1929 homines

183 1968 295 2010 opus
329 1959 448 1999 esset
482 1960 526 1999 et
558 1959 831 2011 sperandum
862 1961 1064 2013 optatum
1104 1959 1238 2001 finem
1272 1962 1311 2001 et
1347 1960 1514 2001 bonum
1553 1959 1748 2000 fructum
1787 1958 1967 1999 domino

113 2037 168 2079 <25
184 2029 443 2069 auctorante
475 2028 667 2071 concedi.
1544 2018 1546 2021 ¹

302 2099 392 2141 Sed
429 2099 535 2153 quia
584 2100 746 2142 dicitur
787 2101 930 2146 illum,
977 2102 1052 2154 qui
1087 2103 1227 2143 Rome
1272 2115 1389 2144 nunc
1431 2100 1563 2156 est,4)
1610 2102 1745 2153 velle,
1799 2101 1835 2142 si
1868 2099 1966 2141 fieri

185 2169 318 2212 debet
362 2170 611 2213 universale
652 2171 911 2223 concilium,
957 2173 995 2213 ei
1028 2187 1210 2227 preesse
1250 2176 1294 2214 et
1333 2174 1475 2215 solum
1510 2173 1806 2225 auctorizare,
1846 2172 1967 2226 quod

183 2254 272 2283 non
306 2241 429 2283 aliud
468 2244 605 2294 esset,
654 2256 790 2297 quam
830 2243 1001 2286 deicere
1049 2246 1092 2286 et
1132 2245 1355 2298 deponere
1395 2245 1529 2298 alios,
1578 2245 1654 2298 qui
1697 2257 1743 2285 se
1783 2243 1967 2285 credunt

183 2311 385 2365 pociores
432 2313 479 2354 in
511 2313 609 2355 iure
657 2316 702 2363 et
733 2327 780 2356 se
812 2315 961 2368 ipsum
999 2315 1176 2357 firmare
1216 2329 1298 2358 nec
1336 2317 1574 2371 propterea
1607 2316 1712 2356 dare
1756 2313 1966 2355 unionem

112 2393 168 2435 30
183 2384 226 2424 et
267 2396 422 2436 pacem
464 2383 776 2427 christianitati
819 2400 899 2428 nec
931 2387 1296 2429 reformacionem
1342 2388 1543 2438 ecclesie,
1588 2388 1827 2440 eapropter
1868 2385 1965 2437 ipse

182 2453 442 2507 magnificus
476 2455 682 2498 dominus
715 2457 875 2499 timore
909 2458 990 2499 Dei
1031 2460 1074 2500 et
1097 2459 1190 2500 zelo
1225 2458 1480 2500 devocionis
1514 2471 1726 2500 accensus
1766 2470 1816 2498 ac
1847 2456 1965 2497 bono

182 2525 422 2568 universali
468 2526 686 2580 intentus,
734 2531 860 2581 rogat
907 2530 1183 2571 reverencias
1221 2530 1465 2572 antedictas
1513 2531 1556 2570 et
1599 2528 1828 2570 mittentes
1867 2539 1964 2568 eos-

183 2595 297 2648 dem,
331 2598 379 2638 ut
409 2596 647 2651 dignentur
668 2599 724 2640 ad
755 2600 957 2653 predicta
979 2600 1212 2643 intendere
1234 2600 1376 2643 modis
1412 2600 1552 2654 equis,
1586 2599 1714 2641 iustis
1748 2601 1792 2641 et
1825 2597 1963 2639 racio-

182 2665 418 2709 nabilibus.

111 2796 165 2838 35
305 2785 331 2829 ¹)
362 2775 457 2819 Uber
487 2785 543 2820 die
560 2786 816 2832 franzb'sisclze
850 2788 1130 2834 Gesamltsclmfc
1162 2801 1241 2823 zum
1271 2789 1470 2823 ravum-hen
1497 2788 1627 2822 Konzz'l
1656 2788 1725 2832 vyl.
1759 2791 1865 2820 meten
1890 2784 1962 2818 Ah-

182 2843 315 2878 eclzm'tt
337 2843 384 2878 II.

303 2903 331 2948 ²)
357 2903 405 2938 D.
432 2903 464 2938 Ιι.
490 2903 590 2939 Rom.

301 2962 330 3006 ³)
361 2962 661 2998 Walzrsclzeinlielz
693 2965 786 3012 trifft
813 2966 870 3001 die
903 2966 1183 3014 Gesandtsclzoft
1206 2966 1316 3001 Karls
1348 2967 1399 3001 sie
1431 2967 1468 3000 in
1492 2965 1658 3000 Florem.
1715 2964 1787 3010 Vyl.
1814 2963 1961 3010 ‹Iiesol-

178 3020 291 3066 yeude
316 3021 384 3055 Nr.
411 3022 467 3056 16.

108 3067 166 3115 40
300 3080 329 3130 ι)
355 3080 403 3115 D.
429 3081 462 3120 ll,
487 3081 629 3121 Jolaeann
653 3082 790 3124 XXJJJ.
