2216 3432
370 181 414 221 D.
453 180 651 230 Sitzungen
675 185 750 220 und
776 183 1080 235 Verhandlungen
1106 187 1166 225 des
1192 189 1389 227 rbmischen
1415 191 1573 231 Konzils.
1615 193 1676 232 Nr.
1703 197 1757 241 36,
1785 197 1839 235 37.
1913 188 1994 232 163

287 290 364 326 Αιι8
395 290 501 326 Iatik.
519 290 631 326 Arck.
651 290 787 338 Reybd.
805 292 876 326 345
885 294 955 339 sol.
974 294 1031 329 53.
1071 295 1204 342 Reybd.
1222 296 1294 331 358
1310 297 1478 342 (Martius
1503 299 1553 344 V.)
1561 301 1631 346 fol.
1649 300 1719 336 209
1732 314 1778 336 ss.
1819 303 2000 339 Gedruckt

362 350 542 398 Raynaldi
566 350 698 385 Annal.
726 353 964 387 ecclesiastici
989 354 1037 387 (ul
1060 367 1185 389 αιιιιαηι
1212 356 1305 390 1413
1330 357 1395 391 Nr.
1415 357 1446 392 1.
1494 359 1639 394 Damus
1670 361 1705 394 in
1731 362 1796 395 den
1820 364 1997 398 vers-clele-

361 410 473 445 denen
498 409 936 457 Konzilc'emammlanyen.
988 412 1057 448 Dte
1087 413 1126 448 S.
1154 414 1223 449 123
1252 422 1425 461 yenannte
1457 419 1579 452 meite
1606 418 1769 466 Fassuny
1794 433 1856 455 (2115
1887 422 1995 457 (joela-

364 471 462 505 laeus
498 469 555 504 bei
587 469 759 517 I’alaclcffi
797 471 1019 506 Documenta
1038 485 1077 519 Ρ.
1105 473 1280 518 467-69,
1314 475 1480 520 Bzovius,
1507 477 1577 512 XV
1595 492 1630 524 p.
1656 479 1736 520 344.
1790 481 1998 517 Λίιεκενιῐαηι

360 529 628 576 verb'ffentlicltt
650 540 718 563 von
737 529 888 564 Losertlz
915 531 950 565 in
968 531 1132 567 Mittlzeil.
1151 533 1211 568 (les
1237 533 1382 569 Vereins
1392 535 1461 580 ,γ’ἄν
1487 537 1696 572 (ι’σδσΙιιέΙιεα
1715 539 1777 572 der
1798 539 1999 575 Dautsclccn

360 589 397 623 in
422 589 591 633 Biilwnen,
616 587 674 624 25.
701 589 887 636 ιΙαΙινρμιιις]
914 590 954 625 S.
980 590 1061 626 331.

219 733 262 790 b)
296 732 465 775 Jokann
497 731 673 773 XXIII.
710 733 868 787 befielilt
898 735 1006 776 allen
1037 733 1337 791 Eozzbiscltffln,
1372 736 1597 782 Bisclto‘t'en
1627 754 1726 780 usw.
1760 741 1824 782 die
1854 740 1997 784 Publi-

218 804 361 847 kation
382 805 456 846 der
476 806 720 846 inserierten
742 804 886 847 Bulla.-
909 807 1031 849 Inter
1056 821 1209 850 omnes
1231 808 1318 848 und
1339 808 1403 849 die
1426 808 1680 865 Bestrafimy
1703 811 1775 852 deo·
1796 810 2001 855 Fdrcleoer

462 876 536 918 der
577 874 890 930 Wilclzfltisclten
925 876 1148 921 Irrlehren.
1214 878 1321 920 Rom
1354 878 1468 920 1413
1499 879 1694 923 Februar
1725 881 1764 924 8.

151 987 206 1029 10
290 982 367 1018 Ans
408 982 512 1018 Vatilc.
538 982 652 1018 Arclz.
679 982 816 1029 Reybd.
842 983 913 1018 345
934 985 1005 1030 fol.
1033 986 1089 1019 54.
1124 985 1258 1031 Reybd.
1286 985 1357 1020 358
1378 987 1449 1032 fol.
1475 987 1607 1022 21033.
1658 989 1792 1023 Zeterst
1814 990 2002 1036 vcrr‘zffeut-

364 1043 451 1078 lic-let
478 1054 548 1077 von
574 1042 812 1087 schelstrate,
845 1044 1036 1078 Trete-tatus
1068 1045 1110 1079 dc
1137 1056 1242 1079 sensa
1274 1051 1310 1080 et
1333 1047 1546 1081 auctoritate
1582 1047 1802 1082 decretorum
1832 1048 2000 1083 Constan-

365 1103 488 1138 tiensis
522 1103 667 1137 concilii
690 1115 729 1149 p.
756 1102 838 1137 274.
890 1103 1040 1138 Damus
1074 1104 1204 1147 Μαιιεὶ,
1246 1104 1480 1139 Concllz'orum
1517 1105 1685 1141 Collectio
1721 1107 1868 1151 XXVII,
1900 1109 2001 1143 1215.

362 1163 472 1198 Beicle
503 1162 567 1197 mit
594 1162 818 1198 verkelzrtem
848 1163 992 1198 Datum.
1042 1164 1119 1199 Ans
1152 1165 1250 1199 einer
1278 1168 1423 1212 speltam
1448 1165 1638 1212 Absclertjfc
1662 1166 1810 1201 Losartlc
1844 1180 1875 1204 α.
1903 1181 1933 1202 α.
1961 1172 1999 1203 0.

343 1284 570 1327 Johannes
603 1283 841 1339 episcopus
875 1298 1029 1327 servus
1062 1298 1293 1327 servorum
1317 1285 1398 1328 Dei
1431 1286 1762 1329 venerabilibus
1795 1288 2002 1331 fratribus

152 1363 207 1405 15
223 1355 444 1398 universis
477 1355 827 1411 archiepiscopis
869 1358 913 1398 et
945 1357 1167 1411 episcopis
1200 1371 1250 1399 ac
1283 1357 1453 1399 dilectis
1486 1357 1589 1399 filiis
1623 1359 1787 1412 electis,
1831 1360 2001 1402 abbati-

223 1427 323 1482 bus,
355 1428 598 1482 prioribus,
638 1427 899 1482 prepositis,
933 1428 1125 1481 decanis,
1160 1429 1482 1471 archidiaconis
1516 1431 1558 1471 et
1591 1430 1687 1471 aliis
1721 1431 2002 1473 ecclesiarum

225 1501 268 1541 et
290 1499 661 1542 monasteriorum
684 1499 869 1553 prelatis
893 1512 944 1542 ac
965 1499 1302 1555 inquisitoribus
1326 1501 1520 1543 heretice
1543 1501 1789 1554 pravitatis,
1814 1503 1869 1544 ad
1891 1516 2001 1557 quos

224 1573 460 1626 presentes
493 1570 642 1613 littere
675 1571 980 1625 pervenerint,
1019 1572 1207 1613 salutem
1240 1573 1282 1613 et
1313 1572 1599 1627 apostolicam
1632 1573 1998 1616 benedictionem.

226 1642 380 1698 Nuper
424 1642 472 1684 in
511 1642 707 1697 generali
750 1642 949 1695 concilio,
990 1643 1111 1698 quod
1153 1643 1298 1685 adhuc
1338 1643 1383 1684 in
1422 1643 1606 1685 basilica
1645 1643 1855 1698 principis
1894 1658 1999 1699 apo-

154 1722 211 1764 20
226 1714 443 1756 stolorum
482 1715 536 1757 de
571 1715 682 1756 urbe
721 1727 800 1769 pro
834 1715 1150 1757 reformatione
1183 1716 1227 1756 et
1259 1713 1591 1757 confirmatione
1622 1715 1825 1768 prosperi
1858 1718 1997 1757 status

225 1784 488 1827 universalis
527 1785 714 1828 ecclesie
755 1786 1022 1839 celebratur,
1063 1786 1220 1828 eodem
1257 1786 1533 1839 approbante
1567 1785 1749 1827 concilio
1783 1788 1997 1839 quosdam

225 1855 398 1898 libellos
430 1857 500 1899 vel
521 1858 739 1900 tractatus
763 1858 990 1911 quondam
1012 1858 1225 1900 Johannis
1248 1856 1452 1898 Wickleff
1472 1870 1550 1898 seu
1573 1869 1653 1910 per
1675 1856 1819 1910 ipsum
1843 1858 1996 1910 editos,

224 1928 465 1983 inscriptos
498 1931 542 1971 et
572 1929 823 1971 intitulatos
857 1929 1165 1971 damnavimus
1198 1931 1241 1970 et
1274 1928 1605 1982 reprobavimus
1630 1930 1673 1968 et
1695 1928 1780 1969 alia
1804 1928 1998 1981 fecimus,

223 2001 358 2054 prout
396 2000 575 2054 plenius
615 2000 871 2043 continetur
909 2001 955 2042 in
996 1999 1160 2042 nostris
1200 1999 1303 2041 inde
1345 1998 1554 2041 confectis
1598 1998 1768 2051 litteris,
1813 2012 1998 2052 quarum

153 2078 209 2120 25
225 2073 353 2114 tenor
385 2072 589 2126 sequitur
620 2071 667 2114 in
698 2073 780 2114 hec
815 2072 973 2114 verba:
1008 2069 1124 2127 (Vqr.
1152 2073 1211 2127 a).
1256 2071 1368 2112 Cum
1400 2071 1548 2112 autem
1581 2070 1636 2111 ad
1669 2072 1867 2112 nostrum
1900 2104 1908 2112 .
1944 2101 1953 2111 .
1989 2101 1997 2110 .

226 2144 323 2185 Dat.
357 2143 501 2186 Rome
545 2144 667 2198 apud
705 2145 910 2186 sanctum
944 2145 1123 2185 Petrum
1170 2143 1292 2184 sexto
1325 2142 1424 2184 idus
1457 2141 1686 2183 Februarii
1719 2141 1998 2194 pontificatus

225 2214 367 2257 nostri
398 2227 514 2257 anno
546 2215 623 2257 ΙΙΙ.
681 2255 683 2257 .

223 2404 299 2449 37.
364 2404 680 2461 Zeuqenverho'r
717 2405 822 2447 iiber
858 2403 1000 2445 Punkt
1029 2403 1088 2444 ..98
1130 2404 1203 2445 cler
1243 2417 1370 2459 {seyen
1403 2401 1569 2442 Jolcamz
1600 2399 1775 2443 XXIII.
1815 2403 1859 2441 in
1890 2399 1999 2441 Kon-

224 2483 341 2518 scanz
392 2476 619 2519 erhebenen
669 2476 912 2533 Anklaqen:
965 2477 1016 2518 In
1068 2475 1272 2530 pluribus
1326 2473 1604 2516 sermonibus
1657 2474 1756 2514 ante
1805 2474 1848 2513 et
1897 2473 1999 2526 post

153 2554 211 2596 30
226 2548 502 2605 (concilium)
545 2551 590 2591 et
628 2549 806 2605 publice
847 2549 1077 2602 correptus
1119 2549 1165 2589 et
1203 2546 1397 2588 monitus
1440 2544 1619 2586 minime
1657 2558 1703 2585 sc
1736 2543 1998 2585 emendavit.

908 2617 1042 2673 (1415
1074 2615 1317 2672 Fric'lzjahr.)

300 2726 372 2761 Aus
404 2725 487 2762 Cocl.
519 2726 595 2763 Vat.
621 2725 717 2760 4908
734 2726 806 2772 fol.
831 2711 904 2760 386ι
928 2725 993 2759 (lar
1026 2724 1137 2759 Vatilc.
1165 2722 1374 2758 Bibliotleek.

344 2847 593 2891 Cardinalis
626 2847 680 2889 de
703 2845 877 2888 Ursinis
910 2845 1017 2888 dicit
1048 2845 1226 2900 publice
1256 2842 1491 2886 audivisse,
1543 2838 1869 2883 Cameracensis
1893 2839 1998 2880 dicit

225 2918 464 2962 articulum
494 2910 681 2972 verum,'
702 2917 808 2973 quia
839 2917 1052 2970 interfuit,
1096 2918 1140 2958 et
1171 2915 1324 2969 peiora
1356 2912 1575 2955 commisit
1607 2924 1687 2953 nec
1719 2924 1766 2951 se
1798 2909 1996 2951 correxit.

190 2979 192 2982 ⁵
225 2990 438 3033 Tarnuda
469 2990 576 3033 dicit
608 2990 847 3032 articulum
869 3002 1023 3032 verum
1045 2990 1088 3030 et
1110 2988 1229 3042 quod
1252 2999 1358 3041 sepe
1381 2984 1581 3028 interfuit
1604 2982 1892 3025 sermonibus.
1918 3012 1926 3022 .
1952 3012 1960 3022 .
1986 3012 1994 3021 .

154 3062 210 3109 35
227 3061 495 3106 Procurator
526 3061 695 3104 ordinis
717 3061 1094 3103 Theotonicorum
1127 3059 1235 3101 dicit
1268 3057 1501 3100 articulum
1524 3068 1691 3107 verum,
1724 3052 1828 3107 quia
1850 3051 1930 3093 fuit
1951 3052 1998 3093 in

1634 3137 1715 3178 11*
