2216 3432
0 1075 12 1223 'w-s-qu·
0 968 10 1061 *ww-rw
0 885 10 953 unm„
0 831 4 853 .-
0 817 3 820 ,
0 799 3 804 ,
0 729 7 778 τὴ

0 1475 11 1501 ,π
0 1362 13 1471 *κει-ψη
12 1304 15 1305 ¹

362 167 404 206 B.
430 170 497 205 Die
524 170 587 204 der
611 169 752 205 Pariser
776 170 994 208 Universitfit
1018 174 1242 221 vorgelegten
1267 176 1524 224 Reformplfine.
1563 180 1665 217 1411.
1702 181 1763 218 Nr.
1788 183 1844 219 32.
1904 173 1984 216 145

215 278 449 321 ecclesiam
488 279 534 320 et
573 277 924 331 universitatem,
967 283 1011 322 et
1043 282 1228 324 colorari
1267 285 1413 337 potest
1451 286 1700 330 racionibus
1737 289 1783 330 in
1815 290 1986 345 litteris,

213 349 268 392 de
301 349 465 404 quibus
498 361 648 402 supra,
680 348 727 390 in
759 349 947 393 articulo
979 353 1235 405 precedenti
1268 356 1500 397 contentis.

334 420 372 476 [ξ
406 420 477 475 39]
540 420 652 461 Item
687 421 807 473 quod
841 422 1018 463 roboret
1056 424 1098 464 et
1130 424 1361 467 confirmet
1392 427 1513 468 nulla
1544 431 1819 472 mortuorum
1850 433 1989 486 spolia

215 493 424 546 recipere.
442 492 478 547 ¹)
541 491 626 532 Hic
669 492 882 534 articulus
924 493 1127 535 similiter
1170 497 1299 537 modo
1339 498 1383 537 et
1426 497 1580 549 forma,
1620 513 1707 553 quo
1741 515 1887 555 supra,
1922 506 1989 545 est

172 562 198 604 5
214 564 437 618 petendus
470 564 513 604 et
535 562 711 604 fundari
744 565 930 619 potesta)
961 564 1008 605 in
1030 566 1281 608 racionibus
1304 567 1350 608 in
1373 567 1545 621 litteris,
1579 571 1632 611 de
1656 571 1817 624 quibus
1840 586 1987 627 supra,

215 635 262 677 in
284 635 510 690 prioribus
543 634 743 676 articulis
767 636 1000 676 contentis.
1055 637 1165 677 Item
1190 639 1310 691 quod
1332 639 1508 681 roberet
1531 643 1573 682 et
1595 642 1824 685 confirmet
1847 645 1989 686 nullos

215 708 419 761 sumptus
467 706 798 759 prelaturarum
850 708 1051 760 tempore
1104 709 1353 750 vacacionis
1401 723 1553 752 eorum
1597 714 1835 765 suscipere.
1907 716 1990 757 Hic

215 777 353 820 eciam
385 777 600 819 articulus
634 778 765 819 modo
799 777 934 819 simili
968 780 1034 819 est
1066 781 1404 833 prosequendus
1438 783 1482 822 et
1505 782 1717 825 fundetur
1739 785 1784 826 in
1808 787 1991 828 racioni-

213 850 297 891 bus
331 849 553 891 contentis
586 849 632 890 in
666 848 827 890 litteris
861 862 995 902 super
1027 851 1110 891 hoc
1143 851 1369 897 confectis,
1403 852 1456 893 de
1489 854 1650 907 quibus
1683 869 1830 909 supra.

147 921 201 962 10
335 920 372 975 [ξ
406 920 478 975 40]
543 920 654 962 Item
688 921 809 974 quod
842 921 1021 962 roberet
1060 923 1106 963 et
1139 921 1369 964 confirmet
1401 924 1546 965 nullas
1580 926 1770 968 decimas
1804 929 1877 968 aut
1909 927 1992 970 alia

215 991 416 1034 subsidia
450 1005 585 1046 super
618 992 787 1033 clerum
821 991 1052 1046 imponere
1086 993 1180 1035 sine
1213 995 1397 1046 urgente
1432 996 1697 1038 necessitate
1729 1011 1860 1050 quam
1892 998 1991 1051 illis,

215 1078 241 1106 a
264 1064 428 1118 quibus
461 1065 615 1117 petere
647 1064 717 1104 vel
750 1064 915 1105 habere
948 1062 1236 1120 manifesteb)
1269 1065 1431 1107 habeat
1463 1079 1542 1119 per
1571 1081 1673 1109 suas
1697 1068 1865 1110 litteras
1888 1082 1992 1122 apo-

216 1134 454 1192 stolicas.2)
509 1134 592 1176 Hic
626 1135 764 1176 eciam
789 1136 1002 1177 articulus
1026 1135 1159 1177 simili
1182 1136 1326 1187 modo,
1361 1150 1448 1190 quo
1472 1150 1619 1190 supra,
1653 1141 1718 1180 est
1741 1139 1785 1180 in
1809 1140 1993 1181 concilio

216 1206 410 1262 generali
444 1207 668 1260 petendus
702 1209 746 1248 et
779 1208 1116 1261 prosequendus
1150 1209 1194 1248 et
1228 1208 1405 1249 fundari
1437 1209 1583 1261 potest
1610 1208 1655 1250 in
1679 1210 1827 1251 multis
1850 1211 1994 1252 causis

149 1277 200 1319 15
217 1280 261 1321 et
293 1278 561 1328 racionibus,
596 1278 651 1319 de
685 1278 847 1332 quibus
880 1278 924 1319 in
958 1278 1117 1320 litteris
1150 1293 1283 1333 super
1315 1280 1399 1320 hoc
1431 1279 1654 1321 confectis.

336 1349 378 1405 [ξ
406 1350 479 1405 41]
544 1350 654 1391 Item
693 1349 739 1390 in
783 1349 900 1392 dicto
948 1350 1136 1392 concilio
1175 1353 1452 1404 proponatur
1490 1351 1669 1392 omnino
1708 1365 1787 1405 per
1831 1353 1995 1394 dictum

217 1421 452 1464 concilium
485 1434 583 1463 esse
616 1422 661 1462 in
696 1422 888 1474 generali
914 1421 1100 1464 concilio
1125 1423 1496 1475 prosequendum,
1530 1435 1585 1463 ne
1609 1423 1812 1465 dominus
1846 1425 1996 1465 noster

218 1493 351 1536 alicui
392 1492 484 1547 regi
516 1494 594 1534 aut
626 1492 817 1534 seculari
858 1493 1051 1547 principi
1096 1494 1310 1535 concedat
1343 1493 1509 1547 aliquid
1542 1493 1829 1549 subsidium&
1861 1508 1996 1548 super

218 1564 337 1607 viros
385 1564 708 1606 ecclesiasticos
752 1564 1072 1617 imponendum
1121 1564 1217 1606 sine
1265 1577 1417 1606 eorum
1465 1565 1579 1605 scitu
1630 1566 1673 1606 et
1714 1578 1945 1606 consensu.
1961 1566 1997 1620 3)

147 1634 302 1677 QOHic
342 1636 555 1677 articulus
595 1648 678 1689 per
723 1635 957 1677 ecclesiam
996 1635 1120 1688 regni
1161 1636 1347 1684 Francie
1395 1648 1444 1676 ac
1487 1635 1682 1689 singulos
1725 1635 1905 1676 clericos
1951 1637 1996 1677 et

221 1707 560 1750 universitatem
592 1709 660 1749 est
693 1720 794 1748 cum
826 1707 994 1749 honore
1027 1707 1071 1748 et
1103 1705 1358 1748 reverencia
1397 1705 1444 1747 in
1475 1706 1668 1759 generali
1701 1706 1885 1748 concilio
1917 1719 1994 1759 pe-

217 1773 380 1821 tendus
424 1779 470 1820 et
510 1779 867 1832 prosequendus.
935 1778 991 1819 Et
1032 1777 1210 1819 fundari
1243 1778 1389 1831 potest
1425 1790 1478 1818 ex
1515 1777 1617 1828 hoc,
1656 1777 1775 1830 quod
1818 1776 1996 1830 proprio

220 1864 273 1892 ex
306 1863 385 1892 suo
418 1849 563 1891 officio
596 1851 642 1891 et
674 1862 756 1891 sua
787 1849 1068 1903 possessione
1102 1850 1280 1890 tenetur
1313 1862 1365 1889 ex
1388 1848 1535 1889 debito
1569 1861 1640 1888 res
1673 1846 1997 1888 ecclesiasticas

220 1934 483 1964 conservare
523 1922 566 1962 et
603 1921 759 1974 pocius
802 1933 962 1973 augere
997 1933 1130 1973 quam
1164 1918 1434 1969 diminuere,
1473 1918 1593 1972 quod
1632 1920 1781 1959 tamen
1822 1930 1910 1959 non
1941 1917 1993 1959 fit

149 1991 203 2032 25
220 2006 273 2034 ex
304 1993 382 2035 tali
414 1992 715 2043 concessione,
750 1994 819 2034 set
853 1991 1119 2045 oppositum.
1176 1990 1381 2032 Secundo
1415 1990 1518 2042 quia
1549 2001 1637 2030 non
1669 1989 1724 2030 ad
1758 2002 1887 2030 usum
1920 2002 1996 2042 ap-

220 2064 466 2117 plicantur,
508 2063 564 2104 ad
597 2077 730 2118 quem
764 2077 816 2104 ex
848 2063 930 2104 hoc
962 2062 1146 2116 quidem
1186 2074 1256 2102 res
1290 2059 1688 2102 ecclesiasticorum
1721 2061 1825 2100 sunt
1858 2059 1999 2112 appli-

220 2135 374 2177 cande.
438 2131 642 2188 Terciod)
681 2134 787 2187 quia
831 2147 919 2175 non
961 2134 1017 2175 ad
1048 2134 1217 2174 bonum
1259 2145 1411 2185 regum
1442 2131 1514 2172 vel
1556 2130 1809 2183 principum
1841 2131 1999 2183 poten-

221 2206 338 2248 cium
373 2206 440 2248 set
471 2206 528 2247 ad
557 2218 737 2247 suorum
769 2203 1019 2255 avariciam,
1053 2203 1349 2245 ambicionem
1381 2204 1424 2243 et
1452 2202 1614 2243 fastum
1643 2201 1893 2254 augendum
1925 2202 2000 2242 aut

221 2277 587 2329 continuandum,
612 2277 732 2330 quod
755 2277 997 2330 reprimere
1033 2275 1172 2316 debet
1194 2287 1311 2328 papa
1343 2287 1396 2315 ex
1419 2273 1568 2314 debito
1591 2285 1671 2325 pro
1694 2272 1861 2312 viribus
1894 2272 1998 2312 suis.

150 2346 208 2388 30
342 2348 380 2403 [ξ
412 2348 486 2403 42]
550 2348 663 2390 Item
695 2349 986 2401 proponatur,
1020 2346 1066 2387 in
1099 2345 1285 2387 concilio
1319 2343 1513 2398 generali
1542 2344 1849 2397 prosequatur,
1883 2342 2001 2395 quod

222 2420 407 2464 annatas
448 2418 769 2461 beneficiorum
807 2418 854 2459 in
893 2417 1016 2459 curia
1055 2415 1312 2459 vacancium
1353 2414 1555 2456 dominus
1604 2415 1755 2456 noster
1803 2412 1996 2453 remittat

222 2504 304 2533 nec
336 2491 528 2545 amplius
561 2490 758 2543 recipiat.
824 2489 953 2539 Quod
985 2489 1021 2529 si
1055 2488 1257 2530 obtinere
1291 2499 1379 2528 non
1411 2484 1573 2539 possit,
1606 2484 1919 2537 prosequatur,
1954 2484 2001 2523 ut

222 2575 313 2604 non
361 2561 445 2603 nisi
490 2563 640 2604 taxam
690 2560 873 2615 recipiat
926 2572 1006 2600 nec
1054 2559 1155 2613 plus
1204 2558 1259 2599 ab
1301 2556 1446 2610 aliquo
1491 2554 1673 2608 recipie)
1713 2551 2001 2607 permittam)

223 2633 313 2674 Iste
345 2631 560 2675 articulus
593 2632 660 2674 est
691 2632 822 2673 modo
856 2632 900 2672 et
931 2630 1085 2682 forma,
1128 2629 1292 2682 quibus
1325 2639 1472 2680 supra,
1514 2626 1560 2667 in
1591 2624 1784 2679 generali
1817 2623 2000 2665 concilio

154 2784 208 2827 35
343 2786 373 2819 a)
393 2785 506 2820 potest
530 2784 612 2818 fehlt
632 2785 670 2811 B.
707 2783 740 2818 b)
760 2782 976 2810 manifestare
997 2782 1034 2808 B.
1072 2781 1100 2815 c)
1123 2779 1315 2807 subsedium
1335 2779 1372 2805 Β.
1409 2777 1441 2811 d)
1468 2775 1660 2810 V07·heo·9eht
1680 2775 1765 2809 sunt,
1789 2774 2001 2802 wahrechein-

224 2831 289 2860 lich
307 2832 499 2867 ilberfliissiy
525 2833 604 2860 oder
623 2831 729 2858 hinter
749 2829 1009 2858 continuandum
1029 2836 1069 2855 zu
1089 2829 1200 2855 setzen.
1238 2830 1267 2860 e)
1287 2824 1397 2859 recepi
1417 2825 1453 2852 Β.

346 2892 375 2937 ¹)
413 2890 480 2937 Vyl.
506 2891 631 2926 laierzu
657 2890 748 2937 Καρ.
773 2889 822 2924 23
846 2889 993 2935 Ansany
1018 2888 1083 2923 der
1109 2888 1193 2932 Cap.
1221 2886 1345 2931 agend.

348 2951 376 2996 ²)
406 2950 481 2996 Vyl.
507 2950 631 2985 kierzu
656 2949 747 2995 Kap.
772 2948 820 2983 23
845 2949 910 2982 der
937 2948 1022 2992 Cap.
1049 2946 1173 2991 agend.

347 3011 375 3055 ³)
402 3008 539 3044 Soweit
560 3007 892 3044 iibereinstimmend
913 3007 977 3040 mit
999 3005 1090 3052 Καρ.
1116 3004 1162 3039 23
1187 3004 1252 3038 der
1279 3003 1364 3047 Cap.
1390 3001 1515 3046 agend.

153 3085 214 3128 40
346 3069 375 3114 ⁴²)
407 3069 480 3115 Vyl.
508 3068 597 3103 oben
620 3069 641 3113 §
665 3067 722 3102 38.

296 3127 442 3163 Finke,
459 3127 545 3156 Acta
564 3125 698 3155 concilii
718 3122 997 3154 constanciensis.
1014 3122 1040 3150 1.
1725 3115 1779 3157 10
