2216 3432
0 892 22 939 [Ὗ
0 815 23 886 W
11 796 14 797 ,

402 142 440 181 G.
481 142 661 180 Benedikt
684 145 796 190 XIII.‚
823 148 979 194 Spanien
1004 154 1076 188 und
1102 154 1164 190 das
1189 157 1409 196 Konstanzer
1431 163 1567 202 Konzil.
1610 167 1668 204 Nr.
1694 170 1748 207 93.
1870 163 1951 205 349

201 251 376 294 iuvant:
408 264 561 306 quare,
603 254 809 298 omnibus
847 258 1155 317 consideratis,
1195 265 1478 323 dispensetis,
1519 275 1561 314 et
1598 274 1793 319 habeatis
1832 280 1950 333 ipsos
2003 255 2005 258 v

199 323 599 367 recommendatos.

318 393 431 436 Item
462 395 686 450 supplicat
716 398 924 452 magister
955 402 1210 447 Franciscus
1243 407 1295 449 de
1326 408 1542 462 Ecclesiis,
1573 413 1615 455 in
1649 429 1767 459 sacra
1798 421 1952 473 pagina

199 466 440 519 professor,
473 466 662 510 eximius
701 469 932 523 religiosus
966 473 1191 527 Populeti,
1230 480 1276 520 ut
1313 479 1508 523 habeatis
1550 484 1692 538 ipsum
1734 502 1951 533 recomen-

158 536 377 590 5datum,
419 539 632 591 quoniam
666 552 844 594 semper
885 543 987 595 fuit,
1027 547 1093 587 est
1133 548 1176 588 et
1215 549 1294 591 erit
1332 564 1411 605 pro
1444 555 1674 598 sanctitate
1706 562 1870 613 vestra,
1911 565 1952 604 et

139 633 142 636 ι
199 608 391 651 multum
428 611 576 663 potest
626 611 821 653 Parisius
869 613 920 670 *in
960 614 1165 659 facultate
1211 620 1522 676 theologorum,
1567 626 1746 669 dilectus
1793 633 1858 671 est
1899 634 1951 674 ab

198 679 319 721 omni
359 680 540 722 homine
578 683 762 736 propter
799 697 900 725 suas
932 686 1134 739 virtutes3
1178 691 1233 731 ad
1263 691 1378 733 idem
1410 695 1637 748 supplicat,
1670 701 1785 751 quod
1820 702 1952 743 abbas

199 751 406 805 Populeti
436 752 601 794 haheat
630 753 734 795 dare
773 754 893 797 illam
924 759 1168 812 pecuniam,
1202 775 1333 814 quam
1365 764 1446 805 sibi
1478 768 1687 820 promisit,
1721 771 1759 810 et
1794 771 1951 813 dictum

197 823 519 865 monasterium
560 824 779 879 obligatur
819 827 874 868 ad
920 827 1004 869 hoc
1045 843 1124 883 pro
1164 832 1274 873 festo
1313 835 1557 889 magisterii,
1602 841 1779 892 propter
1823 856 1951 895 quam

129 894 433 948 lOpecuniam
466 894 614 937 >dictus
653 897 910 940 Franciscus
950 900 1142 943 Parisius
1176 903 1406 957 detinetur,
1453 907 1555 960 quia
1600 909 1856 953 confidendo
1901 914 1952 954 (10

196 964 378 1019 prefatis
416 967 616 1021 pecuniis
653 968 731 1010 ivit
769 969 825 1011 ad
865 972 1126 1013 mercatores
1166 973 1347 1027 aliquos,
1389 978 1437 1018 ut
1469 980 1756 1021 concederent
1794 985 1950 1024 certam

196 1037 433 1091 pecuniam
472 1052 615 1093 usque
656 1040 712 1081 ad
743 1042 832 1082 tres
865 1054 1038 1083 menses
1082 1043 1197 1085 dicto
1230 1045 1474 1088 Francisco.
1536 1049 1694 1091 Tribus
1732 1054 1952 1095 mensibus

197 1108 361 1163 elapsis
402 1111 669 1152 mercatores
713 1111 910 1154 fecerunt
952 1113 1096 1166 ipsum
1135 1115 1255 1156 citari
1294 1130 1438 1158 coram
1476 1119 1637 1171 iudice;
1678 1121 1758 1163 iste
1789 1137 1955 1176 pauper

197 1179 401 1234 allegavit
451 1184 774 1236 paupertatem,
822 1185 900 1226 sed
947 1186 1063 1238 quod
1109 1186 1153 1226 in
1198 1188 1378 1229 veritate
1425 1189 1587 1231 domiui
1633 1191 1725 1244 ipse
1771 1194 1955 1234 solveret

88 1293 91 1296 ⁴
127 1251 181 1294 15
197 1251 360 1294 dictam
407 1266 627 1295 summam
668 1255 722 1296 de
765 1255 916 1308 primis
959 1257 1169 1309 pecuniis,
1219 1272 1326 1311 quos
1378 1259 1471 1312 ipse
1516 1260 1653 1301 dictus
1703 1263 1953 1304 Franciscus

195 1323 392 1366 haberet.
456 1325 675 1367 Fecerunt
712 1326 857 1380 ipsum
889 1327 1032 1368 iurare
1071 1330 1112 1368 et
1151 1330 1330 1382 propter
1367 1330 1482 1371 istud
1515 1332 1744 1373 detinetur.
1797 1334 1952 1385 Quare,

196 1395 474 1438 sanctissime
506 1398 645 1450 pater,
678 1397 880 1439 habeatis
913 1398 1058 1451 ipsum
1081 1401 1435 1442 recomendatum
1458 1403 1499 1442 et
1521 1403 1710 1455 queratis
1734 1417 1757 1444 a
1780 1405 1952 1445 domino

196 1467 356 1509 Sancio
389 1467 538 1522 Luppi
571 1468 625 1510 de
658 1469 853 1522 scientia,
901 1470 1232 1512 conversacione
1265 1484 1314 1512 ac
1345 1471 1459 1512 fama
1496 1485 1573 1513 sua
1606 1473 1739 1514 eciam
1769 1474 1953 1516 Gundis-

197 1538 324 1580 saluo
357 1539 477 1580 socio
512 1540 615 1581 dicti
647 1540 887 1592 Francisci3
921 1543 1026 1582 tunc
1058 1542 1213 1594 scietis,
1247 1542 1352 1595 quid
1384 1544 1449 1583 est
1482 1544 1533 1584 de
1566 1544 1671 1596 ipso.

124 1610 182 1652 20
315 1610 425 1652 Item
473 1611 694 1665 supplicat
740 1613 947 1665 magister
986 1613 1193 1654 Martinus
1237 1613 1446 1664 Talayero
1494 1614 1546 1655 de
1592 1615 1802 1665 Valemeia,
1849 1630 1950 1656 cou-

195 1681 385 1723 siliarius
434 1683 601 1724 domini
640 1683 983 1736 Aurelianensis,
1032 1684 1075 1723 in
1116 1684 1279 1724 artibus
1323 1684 1525 1737 magister
1571 1699 1619 1725 ac
1664 1686 1948 1727 bachallarius

194 1753 411 1796 formatus
443 1754 487 1795 in
521 1754 755 1808 theologia,
790 1755 921 1796 homo
955 1754 1249 1806 scientifficus,
1282 1756 1330 1796 ut
1362 1755 1442 1795 sibi
1475 1755 1612 1795 velitis
1644 1770 1828 1808 parcere,
1861 1758 1948 1809 uta)

193 1837 343 1866 coram
382 1825 616 1866 sanctitate
655 1827 801 1867 vestra
838 1825 1005 1866 veniret
1044 1826 1085 1866 et
1124 1826 1176 1866 de
1214 1826 1358 1866 cetero
1395 1826 1487 1866 vult
1524 1839 1617 1866 esse
1656 1826 1769 1867 tilius
1808 1828 1949 1867 vester

192 1895 380 1938 devotus
419 1898 462 1938 et
501 1897 702 1953 habeatis
745 1897 904 1938 amodo
945 1896 1089 1950 ipsum
1128 1897 1497 1948 recomendatum,
1543 1897 1609 1937 vel
1648 1910 1745 1938 cum
1779 1896 1947 1937 licentia

83 1970 88 1973 ’
120 1966 176 2009 25
190 1967 326 2008 vestri
357 1970 557 2009 maneret
589 1968 798 2020 Parisius,
832 1969 880 2008 ut
912 1969 1072 2009 faceret
1105 1967 1299 2008 debitum
1331 1980 1456 2007 suum
1489 1980 1583 2007 cum
1617 1967 1721 2008 aliis.

310 2039 420 2081 Item
453 2039 707 2093 supplicant
729 2043 881 2080 omn'es
905 2038 982 2080 filii
1005 2038 1135 2079 vestri
1159 2037 1437 2089 devotissimi,
1471 2037 1629 2078 scilicet
1653 2037 1786 2078 abbas
1810 2037 1943 2077 sancti

192 2109 377 2151 Dionisii
411 2111 454 2151 et
486 2111 716 2164 collegium
749 2110 851 2151 dicti
883 2109 1021 2150 sancti
1052 2108 1294 2162 Dionisii,¹)
1327 2108 1550 2162 collegium
1584 2109 1786 2154 Navarre,
1820 2107 1946 2148 colle-

190 2181 310 2234 gium
352 2181 575 2234 Eduense,
624 2181 857 2235 collegium
904 2181 1109 2222 Narbone
1157 2181 1199 2220 et
1238 2179 1394 2219 infiniti
1441 2178 1630 2232 magistri
1672 2179 1724 2219 de
1767 2176 1946 2218 diversis

191 2252 406 2306 collegiis,
449 2252 562 2294 sicut
608 2253 816 2306 magister
856 2252 1061 2293 Nicolaus
1102 2251 1154 2291 de
1198 2249 1492 2301 Contracuria',
1535 2249 1715 2289 Enricus
1748 2248 1870 2289 Xicot
1902 2247 1945 2286 in

120 2324 178 2366 30
189 2322 413 2377 theologia
434 2324 641 2378 magister
663 2325 706 2365 et
727 2323 876 2377 plures
899 2323 1011 2364 sicut
1033 2321 1236 2374 magister
1258 2320 1474 2372 Rondelli,
1507 2320 1708 2371 magister
1728 2318 1945 2359 Johaunes

191 2394 354 2436 Mathei
386 2394 433 2436 in
463 2395 687 2449 theologia
718 2394 990 2448 professores
1014 2395 1107 2444 etc,
1146 2394 1194 2433 ut
1227 2391 1420 2432 habeatis
1453 2391 1570 2443 ipsos
1600 2390 1643 2430 iu
1675 2388 1945 2429 oracionibus

189 2465 348 2507 vestris
380 2467 730 2518 recomendatos,
763 2466 1013 2519 spectantes
1045 2464 1090 2505 in
1121 2462 1240 2504 brevi
1273 2462 1388 2503 diem
1419 2461 1537 2501 illam
1569 2462 1647 2502 etc.

308 2535 419 2577 Item
447 2536 668 2590 supplicat
689 2536 898 2589 magister
918 2535 1139 2576 Johannes
1163 2534 1276 2583 Gray
1294 2533 1463 2584 Scotus,
1496 2532 1539 2571 in
1562 2531 1724 2572 artibus
1747 2528 1946 2581 magister

191 2620 241 2649 ac
271 2606 317 2647 in
344 2606 577 2655 medicina,
610 2607 659 2647 ut
682 2606 1060 2659 habeatis-ipsum
1091 2603 1445 2646 recomendatum
1477 2603 1519 2644 et
1550 2602 1812 2648 excusatum,
1845 2597 1945 2650 quia

120 2679 175 2722 35
191 2679 258 2721 est
290 2677 564 2719 ambaxiator
603 2677 660 2718 ad
691 2677 891 2719 Scociam
931 2690 983 2718 ex
1020 2676 1144 2730 parte
1184 2673 1347 2716 domini
1392 2672 1502 2726 regis
1534 2670 1711 2712 Francie
1744 2670 1785 2710 et
1816 2680 1945 2720 super

190 2749 285 2791 istis
318 2748 439 2791 dedit
469 2748 602 2789 michi
634 2747 887 2802 litteram,2)
921 2760 1054 2801 quam
1084 2746 1164 2788 tuli
1196 2758 1342 2787 coram
1375 2743 1601 2786 sanctitate
1632 2742 1785 2804 vestra.

309 2874 329 2894 a
362 2866 396 2894 et
415 2865 460 2893 Re
481 2884 488 2891 .

313 2866 340 2972 ¹))
366 2873 480 2960 Dassa
495 2923 641 2959 Kloster
668 2922 722 2958 St.
743 2923 865 2970 Denys
890 2923 981 2957 noch
1011 2922 1079 2968 auf
1101 2921 1222 2956 Seiten
1247 2918 1433 2957 Benedikts
1465 2917 1576 2960 stand,
1608 2927 1681 2950 war
1715 2913 1829 2948 bisher
1852 2922 1941 2957 yon-5

189 2985 402 3022 unbekannt.
449 2983 493 3018 In
509 2984 572 3018 der
593 2982 826 3028 Darsstelluny
851 2981 914 3016 des
933 2981 1080 3016 ΜόησΙιε
1096 2992 1164 3015 von
1182 2979 1237 3016 St.
1258 2979 1376 3024 Denys
1400 2978 1565 3023 verspz‘irt
1586 2986 1662 3008 man
1686 2973 1796 3007 niehts
1820 2971 1941 3005 davon.

117 3047 179 3092 40
312 3045 340 3090 ¹)
365 3043 416 3079 Ob
443 3042 639 3090 betreffend
660 3040 860 3087 Einladuny
884 3051 964 3074 zum
987 3038 1138 3074 Konzil?
