<?xml version="1.0" encoding="UTF-8"?>
<!DOCTYPE html PUBLIC "-//W3C//DTD XHTML 1.0 Transitional//EN"
    "http://www.w3.org/TR/xhtml1/DTD/xhtml1-transitional.dtd">
<html xmlns="http://www.w3.org/1999/xhtml" xml:lang="en" lang="en">
 <head>
  <title>
</title>
<meta http-equiv="Content-Type" content="text/html;charset=utf-8" />
  <meta name='ocr-system' content='tesseract 3.04.00' />
  <meta name='ocr-capabilities' content='ocr_page ocr_carea ocr_par ocr_line ocrx_word'/>
</head>
<body>
  <div class='ocr_page' id='page_1' title='image "./actaconciliicons01counuoft_0391.png"; bbox 0 0 2216 3432; ppageno 0'>
   <div class='ocr_carea' id='block_1_1' title="bbox 403 175 1963 235">
    <p class='ocr_par' dir='ltr' id='par_1_1' title="bbox 403 175 1963 235">
     <span class='ocr_line' id='line_1_1' title="bbox 403 175 1963 235; baseline 0.015 -26"><span class='ocrx_word' id='word_1_1' title='bbox 403 175 446 211; x_wconf 87' lang='lat' dir='ltr'>D.</span> <span class='ocrx_word' id='word_1_2' title='bbox 489 175 707 222; x_wconf 84' lang='lat' dir='ltr'>Sigismund,</span> <span class='ocrx_word' id='word_1_3' title='bbox 732 178 957 224; x_wconf 80' lang='lat' dir='ltr'>Frankreich,</span> <span class='ocrx_word' id='word_1_4' title='bbox 987 183 1145 230; x_wconf 77' lang='lat' dir='ltr'>Engiand</span> <span class='ocrx_word' id='word_1_5' title='bbox 1172 187 1242 221; x_wconf 80' lang='lat' dir='ltr'>und</span> <span class='ocrx_word' id='word_1_6' title='bbox 1269 188 1329 222; x_wconf 82' lang='lat' dir='ltr'>das</span> <span class='ocrx_word' id='word_1_7' title='bbox 1355 190 1490 225; x_wconf 77' lang='lat' dir='ltr'>Konzii.</span> <span class='ocrx_word' id='word_1_8' title='bbox 1528 193 1586 227; x_wconf 82' lang='lat' dir='ltr'>Nr.</span> <span class='ocrx_word' id='word_1_9' title='bbox 1615 194 1689 235; x_wconf 89' lang='lat'>103,</span> <span class='ocrx_word' id='word_1_10' title='bbox 1718 196 1790 231; x_wconf 87' lang='lat'>104.</span> <span class='ocrx_word' id='word_1_11' title='bbox 1884 186 1963 229; x_wconf 90' lang='lat'>377</span> 
     </span>
    </p>
   </div>
   <div class='ocr_carea' id='block_1_2' title="bbox 230 283 1966 413">
    <p class='ocr_par' dir='ltr' id='par_1_2' title="bbox 230 283 1966 413">
     <span class='ocr_line' id='line_1_2' title="bbox 231 283 1966 354; baseline 0.011 -29"><span class='ocrx_word' id='word_1_12' title='bbox 231 283 489 326; x_wconf 88' lang='lat' dir='ltr'>doctoribus</span> <span class='ocrx_word' id='word_1_13' title='bbox 520 283 858 329; x_wconf 78' lang='lat' dir='ltr'>universitatum</span> <span class='ocrx_word' id='word_1_14' title='bbox 890 289 1056 343; x_wconf 80' lang='lat' dir='ltr'>absque</span> <span class='ocrx_word' id='word_1_15' title='bbox 1099 306 1218 335; x_wconf 89' lang='lat' dir='ltr'>more</span> <span class='ocrx_word' id='word_1_16' title='bbox 1251 294 1476 348; x_wconf 89' lang='lat' dir='ltr'>dispendio</span> <span class='ocrx_word' id='word_1_17' title='bbox 1532 311 1609 352; x_wconf 93' lang='lat' dir='ltr'>pro</span> <span class='ocrx_word' id='word_1_18' title='bbox 1658 302 1966 354; x_wconf 88' lang='lat' dir='ltr'>expedientiori</span> 
     </span>
     <span class='ocr_line' id='line_1_3' title="bbox 230 354 1579 413; baseline 0.009 -16"><span class='ocrx_word' id='word_1_19' title='bbox 230 354 503 409; x_wconf 82' lang='lat' dir='ltr'>agendorum</span> <span class='ocrx_word' id='word_1_20' title='bbox 534 356 830 400; x_wconf 76' lang='lat' dir='ltr'>maturatione</span> <span class='ocrx_word' id='word_1_21' title='bbox 862 362 1121 413; x_wconf 87' lang='lat' dir='ltr'>quantocius</span> <span class='ocrx_word' id='word_1_22' title='bbox 1153 364 1207 405; x_wconf 86' lang='lat' dir='ltr'>ad</span> <span class='ocrx_word' id='word_1_23' title='bbox 1238 378 1317 407; x_wconf 82' lang='lat' dir='ltr'>nos</span> <span class='ocrx_word' id='word_1_24' title='bbox 1349 366 1579 409; x_wconf 86' lang='lat' dir='ltr'>destinare.</span> 
     </span>
    </p>
   </div>
   <div class='ocr_carea' id='block_1_3' title="bbox 227 517 1968 652">
    <p class='ocr_par' dir='ltr' id='par_1_3' title="bbox 227 517 1968 652">
     <span class='ocr_line' id='line_1_4' title="bbox 227 517 1968 581; baseline 0.009 -24"><span class='ocrx_word' id='word_1_25' title='bbox 227 518 333 563; x_wconf 79' lang='grc'>104,</span> <span class='ocrx_word' id='word_1_26' title='bbox 394 517 644 576; x_wconf 70' lang='lat' dir='ltr'>Vorschld&#39;qe</span> <span class='ocrx_word' id='word_1_27' title='bbox 682 535 733 562; x_wconf 79' lang='lat' dir='ltr'>zu</span> <span class='ocrx_word' id='word_1_28' title='bbox 764 523 889 563; x_wconf 79' lang='lat' dir='ltr'>einem</span> <span class='ocrx_word' id='word_1_29' title='bbox 923 522 1153 566; x_wconf 58' lang='lat' dir='ltr'>Biandm&#39;sse</span> <span class='ocrx_word' id='word_1_30' title='bbox 1188 525 1446 581; x_wconf 67' lang='lat' dir='ltr'>Siyz‘smunds</span> <span class='ocrx_word' id='word_1_31' title='bbox 1481 532 1555 570; x_wconf 80' lang='lat' dir='ltr'>mit</span> <span class='ocrx_word' id='word_1_32' title='bbox 1586 529 1778 571; x_wconf 76' lang='lat' dir='ltr'><em>Heinrich</em></span> <span class='ocrx_word' id='word_1_33' title='bbox 1817 530 1860 573; x_wconf 92' lang='lat' dir='ltr'>V.</span> <span class='ocrx_word' id='word_1_34' title='bbox 1898 548 1968 573; x_wconf 78' lang='lat' dir='ltr'>von</span> 
     </span>
     <span class='ocr_line' id='line_1_5' title="bbox 228 588 1968 652; baseline 0.007 -22"><span class='ocrx_word' id='word_1_35' title='bbox 228 588 447 646; x_wconf 68' lang='lat' dir='ltr'>Enyland:</span> <span class='ocrx_word' id='word_1_36' title='bbox 505 589 736 647; x_wconf 70' lang='lat' dir='ltr'>Verlanyen</span> <span class='ocrx_word' id='word_1_37' title='bbox 786 595 892 634; x_wconf 77' lang='lat' dir='ltr'>eines</span> <span class='ocrx_word' id='word_1_38' title='bbox 943 595 1655 652; x_wconf 41' lang='lat' dir='ltr'>deutsch-enylifsclc-franzcisisclzen</span> <span class='ocrx_word' id='word_1_39' title='bbox 1702 601 1968 650; x_wconf 58' lang='lat' dir='ltr'>Randnisse33</span> 
     </span>
    </p>
   </div>
   <div class='ocr_carea' id='block_1_4' title="bbox 125 651 1968 719">
    <p class='ocr_par' dir='ltr' id='par_1_4' title="bbox 125 651 1968 719">
     <span class='ocr_line' id='line_1_6' title="bbox 125 651 1968 719; baseline 0.005 -18"><span class='ocrx_word' id='word_1_40' title='bbox 125 651 128 654; x_wconf 35' lang='lat'><em>⁴</em></span> <span class='ocrx_word' id='word_1_41' title='bbox 188 664 214 706; x_wconf 89' lang='lat'>5</span> <span class='ocrx_word' id='word_1_42' title='bbox 238 658 274 701; x_wconf 85' lang='lat' dir='ltr'><em>V</em></span> <span class='ocrx_word' id='word_1_43' title='bbox 271 662 530 718; x_wconf 71' lang='lat' dir='ltr'>ermittelunq</span> <span class='ocrx_word' id='word_1_44' title='bbox 569 663 643 704; x_wconf 75' lang='lat' dir='ltr'>der</span> <span class='ocrx_word' id='word_1_45' title='bbox 683 664 1206 719; x_wconf 40' lang='lat' dir='ltr'>enylisclel-franzo&#39;sisclcen</span> <span class='ocrx_word' id='word_1_46' title='bbox 1247 667 1441 717; x_wconf 59' lang='lat' dir='ltr'>Heiratlm</span> <span class='ocrx_word' id='word_1_47' title='bbox 1489 669 1644 719; x_wconf 73' lang='lat' dir='ltr'>Projekt</span> <span class='ocrx_word' id='word_1_48' title='bbox 1685 673 1788 712; x_wconf 73' lang='lat' dir='ltr'>eines</span> <span class='ocrx_word' id='word_1_49' title='bbox 1830 671 1968 712; x_wconf 59' lang='lat' dir='ltr'>Band-</span> 
     </span>
    </p>
   </div>
   <div class='ocr_carea' id='block_1_5' title="bbox 226 733 1971 1005">
    <p class='ocr_par' dir='ltr' id='par_1_5' title="bbox 226 733 1971 1005">
     <span class='ocr_line' id='line_1_7' title="bbox 226 733 1969 795; baseline 0.005 -22"><span class='ocrx_word' id='word_1_50' title='bbox 226 734 359 774; x_wconf 71' lang='lat' dir='ltr'>nisses</span> <span class='ocrx_word' id='word_1_51' title='bbox 405 733 478 775; x_wconf 78' lang='lat' dir='ltr'>der</span> <span class='ocrx_word' id='word_1_52' title='bbox 524 734 615 775; x_wconf 70' lang='lat' dir='ltr'>drei</span> <span class='ocrx_word' id='word_1_53' title='bbox 656 735 817 776; x_wconf 70' lang='lat' dir='ltr'><em>Mdchte</em></span> <span class='ocrx_word' id='word_1_54' title='bbox 861 751 988 791; x_wconf 71' lang='lat' dir='ltr'>yeyen</span> <span class='ocrx_word' id='word_1_55' title='bbox 1033 736 1196 778; x_wconf 75' lang='lat' dir='ltr'>Johann</span> <span class='ocrx_word' id='word_1_56' title='bbox 1241 753 1315 779; x_wconf 84' lang='lat' dir='ltr'>von</span> <span class='ocrx_word' id='word_1_57' title='bbox 1355 739 1557 795; x_wconf 70' lang='lat' dir='ltr'>Buryund</span> <span class='ocrx_word' id='word_1_58' title='bbox 1602 742 1683 781; x_wconf 81' lang='lat' dir='ltr'>und</span> <span class='ocrx_word' id='word_1_59' title='bbox 1725 742 1854 782; x_wconf 76' lang='lat' dir='ltr'>Ancon</span> <span class='ocrx_word' id='word_1_60' title='bbox 1899 756 1969 781; x_wconf 75' lang='lat' dir='ltr'>von</span> 
     </span>
     <span class='ocr_line' id='line_1_8' title="bbox 229 802 1971 865; baseline 0.005 -22"><span class='ocrx_word' id='word_1_61' title='bbox 229 802 422 845; x_wconf 76' lang='lat' dir='ltr'>Brabcmt</span> <span class='ocrx_word' id='word_1_62' title='bbox 457 807 535 845; x_wconf 77' lang='lat' dir='ltr'>mit</span> <span class='ocrx_word' id='word_1_63' title='bbox 570 805 837 860; x_wconf 65' lang='lat' dir='ltr'>einyeltendev·</span> <span class='ocrx_word' id='word_1_64' title='bbox 874 807 1163 862; x_wconf 57' lang='lat' dir='ltr'>Alotivz&#39;eounffl</span> <span class='ocrx_word' id='word_1_65' title='bbox 1204 808 1441 850; x_wconf 67' lang='lat' dir='ltr'>Anerbieten</span> <span class='ocrx_word' id='word_1_66' title='bbox 1476 811 1546 850; x_wconf 76' lang='lat' dir='ltr'>der</span> <span class='ocrx_word' id='word_1_67' title='bbox 1583 810 1872 865; x_wconf 59' lang='lat' dir='ltr'>[seber-lassans]</span> <span class='ocrx_word' id='word_1_68' title='bbox 1903 812 1971 851; x_wconf 80' lang='lat' dir='ltr'>der</span> 
     </span>
     <span class='ocr_line' id='line_1_9' title="bbox 286 874 1921 935; baseline 0.005 -20"><span class='ocrx_word' id='word_1_69' title='bbox 286 889 362 916; x_wconf 83' lang='lat' dir='ltr'>von</span> <span class='ocrx_word' id='word_1_70' title='bbox 393 874 603 931; x_wconf 50' lang='lat' dir='ltr'>Bur-quud</span> <span class='ocrx_word' id='word_1_71' title='bbox 636 876 868 919; x_wconf 74' lang='lat' dir='ltr'>besessenen</span> <span class='ocrx_word' id='word_1_72' title='bbox 901 877 1031 919; x_wconf 70' lang='lat' dir='ltr'>Giiter</span> <span class='ocrx_word' id='word_1_73' title='bbox 1060 881 1103 919; x_wconf 72' lang='lat' dir='ltr'>in</span> <span class='ocrx_word' id='word_1_74' title='bbox 1134 877 1176 918; x_wconf 90' lang='lat' dir='ltr'>F</span> <span class='ocrx_word' id='word_1_75' title='bbox 1176 880 1344 920; x_wconf 71' lang='lat' dir='ltr'>[andern</span> <span class='ocrx_word' id='word_1_76' title='bbox 1377 895 1430 920; x_wconf 77' lang='lat' dir='ltr'>an</span> <span class='ocrx_word' id='word_1_77' title='bbox 1460 883 1522 921; x_wconf 72' lang='lat' dir='ltr'>die</span> <span class='ocrx_word' id='word_1_78' title='bbox 1553 881 1747 935; x_wconf 66' lang='lat' dir='ltr'>euylische</span> <span class='ocrx_word' id='word_1_79' title='bbox 1778 880 1921 923; x_wconf 72' lang='lat' dir='ltr'>Krane.</span> 
     </span>
     <span class='ocr_line' id='line_1_10' title="bbox 865 947 1365 1005; baseline 0.004 -17"><span class='ocrx_word' id='word_1_80' title='bbox 865 947 995 1002; x_wconf 69' lang='lat'><em>(1414</em></span> <span class='ocrx_word' id='word_1_81' title='bbox 1031 948 1143 990; x_wconf 79' lang='lat' dir='ltr'>Ende</span> <span class='ocrx_word' id='word_1_82' title='bbox 1175 950 1365 1005; x_wconf 68' lang='lat' dir='ltr'>Auqust.)</span> 
     </span>
    </p>
   </div>
   <div class='ocr_carea' id='block_1_6' title="bbox 162 1028 1541 1076">
    <p class='ocr_par' dir='ltr' id='par_1_6' title="bbox 162 1028 1541 1076">
     <span class='ocr_line' id='line_1_11' title="bbox 162 1028 1541 1076; baseline 0.003 -13"><span class='ocrx_word' id='word_1_83' title='bbox 162 1031 214 1072; x_wconf 86' lang='lat'>10</span> <span class='ocrx_word' id='word_1_84' title='bbox 298 1029 332 1063; x_wconf 92' lang='lat' dir='ltr'><em>B</em></span> <span class='ocrx_word' id='word_1_85' title='bbox 356 1041 420 1064; x_wconf 84' lang='lat' dir='ltr'>aus</span> <span class='ocrx_word' id='word_1_86' title='bbox 451 1028 535 1064; x_wconf 80' lang='lat' dir='ltr'><em>Cod.</em></span> <span class='ocrx_word' id='word_1_87' title='bbox 562 1030 744 1065; x_wconf 73' lang='lat' dir='ltr'>Palatinas</span> <span class='ocrx_word' id='word_1_88' title='bbox 773 1030 838 1065; x_wconf 84' lang='lat'>701</span> <span class='ocrx_word' id='word_1_89' title='bbox 856 1032 926 1076; x_wconf 84' lang='lat' dir='ltr'>fol.</span> <span class='ocrx_word' id='word_1_90' title='bbox 951 1031 1022 1065; x_wconf 87' lang='grc'>212</span> <span class='ocrx_word' id='word_1_91' title='bbox 1036 1045 1081 1066; x_wconf 75' lang='lat' dir='ltr'>ss.</span> <span class='ocrx_word' id='word_1_92' title='bbox 1107 1033 1170 1066; x_wconf 73' lang='lat' dir='ltr'>der</span> <span class='ocrx_word' id='word_1_93' title='bbox 1202 1032 1310 1066; x_wconf 75' lang='lat' dir='ltr'>Vatfk.</span> <span class='ocrx_word' id='word_1_94' title='bbox 1338 1033 1541 1068; x_wconf 63' lang='lat' dir='ltr'>Bibliothelc.</span> 
     </span>
    </p>
   </div>
   <div class='ocr_carea' id='block_1_7' title="bbox 154 1114 1972 2728">
    <p class='ocr_par' dir='ltr' id='par_1_7' title="bbox 228 1114 1971 1380">
     <span class='ocr_line' id='line_1_12' title="bbox 346 1114 1971 1170; baseline 0.001 -15"><span class='ocrx_word' id='word_1_95' title='bbox 346 1114 560 1156; x_wconf 82' lang='lat' dir='ltr'>Voluntas</span> <span class='ocrx_word' id='word_1_96' title='bbox 606 1114 872 1156; x_wconf 82' lang='lat' dir='ltr'>serenissimi</span> <span class='ocrx_word' id='word_1_97' title='bbox 916 1115 1129 1169; x_wconf 88' lang='lat' dir='ltr'>principis</span> <span class='ocrx_word' id='word_1_98' title='bbox 1169 1116 1333 1158; x_wconf 91' lang='lat' dir='ltr'>domini</span> <span class='ocrx_word' id='word_1_99' title='bbox 1371 1117 1635 1169; x_wconf 81' lang='lat' dir='ltr'>Sigismundi</span> <span class='ocrx_word' id='word_1_100' title='bbox 1674 1118 1782 1170; x_wconf 84' lang='lat' dir='ltr'>regis</span> <span class='ocrx_word' id='word_1_101' title='bbox 1816 1118 1971 1158; x_wconf 81' lang='lat' dir='ltr'>Roma-</span> 
     </span>
     <span class='ocr_line' id='line_1_13' title="bbox 228 1186 1971 1239; baseline 0.001 -14"><span class='ocrx_word' id='word_1_102' title='bbox 228 1197 389 1226; x_wconf 91' lang='lat' dir='ltr'>norum</span> <span class='ocrx_word' id='word_1_103' title='bbox 420 1187 500 1226; x_wconf 89' lang='lat' dir='ltr'>etc.</span> <span class='ocrx_word' id='word_1_104' title='bbox 535 1198 589 1226; x_wconf 63' lang='lat' dir='ltr'>ex</span> <span class='ocrx_word' id='word_1_105' title='bbox 619 1198 731 1238; x_wconf 88' lang='lat' dir='ltr'>puro</span> <span class='ocrx_word' id='word_1_106' title='bbox 764 1186 906 1233; x_wconf 69' lang='lat' dir='ltr'>corde,</span> <span class='ocrx_word' id='word_1_107' title='bbox 941 1186 1216 1227; x_wconf 79' lang='lat' dir='ltr'>consciencia</span> <span class='ocrx_word' id='word_1_108' title='bbox 1246 1187 1360 1228; x_wconf 87' lang='lat' dir='ltr'>bona</span> <span class='ocrx_word' id='word_1_109' title='bbox 1382 1190 1423 1228; x_wconf 89' lang='lat' dir='ltr'>et</span> <span class='ocrx_word' id='word_1_110' title='bbox 1445 1188 1622 1229; x_wconf 85' lang='lat' dir='ltr'>caritate</span> <span class='ocrx_word' id='word_1_111' title='bbox 1645 1201 1730 1228; x_wconf 89' lang='lat' dir='ltr'>non</span> <span class='ocrx_word' id='word_1_112' title='bbox 1753 1187 1851 1227; x_wconf 81' lang='lat' dir='ltr'>ficta</span> <span class='ocrx_word' id='word_1_113' title='bbox 1874 1200 1971 1239; x_wconf 89' lang='lat' dir='ltr'>pro-</span> 
     </span>
     <span class='ocr_line' id='line_1_14' title="bbox 228 1255 1971 1310; baseline 0.001 -14"><span class='ocrx_word' id='word_1_114' title='bbox 228 1255 390 1297; x_wconf 85' lang='lat' dir='ltr'>cedens</span> <span class='ocrx_word' id='word_1_115' title='bbox 431 1256 634 1297; x_wconf 88' lang='lat' dir='ltr'>versatur</span> <span class='ocrx_word' id='word_1_116' title='bbox 674 1255 788 1297; x_wconf 89' lang='lat' dir='ltr'>circa</span> <span class='ocrx_word' id='word_1_117' title='bbox 823 1255 1099 1309; x_wconf 87' lang='lat' dir='ltr'>infrascripta</span> <span class='ocrx_word' id='word_1_118' title='bbox 1137 1270 1234 1298; x_wconf 86' lang='lat' dir='ltr'>cum</span> <span class='ocrx_word' id='word_1_119' title='bbox 1272 1257 1545 1298; x_wconf 87' lang='lat' dir='ltr'>serenissimo</span> <span class='ocrx_word' id='word_1_120' title='bbox 1578 1257 1770 1310; x_wconf 82' lang='lat' dir='ltr'>principe</span> <span class='ocrx_word' id='word_1_121' title='bbox 1803 1256 1971 1298; x_wconf 87' lang='lat' dir='ltr'>domino</span> 
     </span>
     <span class='ocr_line' id='line_1_15' title="bbox 228 1325 1970 1380; baseline -0.001 -13"><span class='ocrx_word' id='word_1_122' title='bbox 228 1326 450 1380; x_wconf 85' lang='lat' dir='ltr'>Heynrico</span> <span class='ocrx_word' id='word_1_123' title='bbox 483 1325 642 1380; x_wconf 86' lang='lat' dir='ltr'>Anglie</span> <span class='ocrx_word' id='word_1_124' title='bbox 681 1327 726 1367; x_wconf 90' lang='lat' dir='ltr'>et</span> <span class='ocrx_word' id='word_1_125' title='bbox 757 1326 940 1368; x_wconf 89' lang='lat' dir='ltr'>Francie</span> <span class='ocrx_word' id='word_1_126' title='bbox 978 1340 1077 1380; x_wconf 82' lang='lat' dir='ltr'>rege</span> <span class='ocrx_word' id='word_1_127' title='bbox 1115 1327 1273 1368; x_wconf 85' lang='lat' dir='ltr'>virtute</span> <span class='ocrx_word' id='word_1_128' title='bbox 1313 1328 1435 1368; x_wconf 89' lang='lat' dir='ltr'>unita</span> <span class='ocrx_word' id='word_1_129' title='bbox 1472 1327 1701 1368; x_wconf 82' lang='lat' dir='ltr'>salubriter</span> <span class='ocrx_word' id='word_1_130' title='bbox 1741 1326 1970 1378; x_wconf 79' lang='lat' dir='ltr'>dirigenda.</span> 
     </span>
    </p>

    <p class='ocr_par' dir='ltr' id='par_1_8' title="bbox 161 1397 1972 1735">
     <span class='ocr_line' id='line_1_16' title="bbox 161 1397 1972 1452; baseline -0.003 -12"><span class='ocrx_word' id='word_1_131' title='bbox 161 1398 213 1440; x_wconf 84' lang='lat'>15</span> <span class='ocrx_word' id='word_1_132' title='bbox 347 1397 497 1439; x_wconf 88' lang='lat' dir='ltr'>Primo</span> <span class='ocrx_word' id='word_1_133' title='bbox 535 1410 726 1452; x_wconf 87' lang='lat' dir='ltr'>namque</span> <span class='ocrx_word' id='word_1_134' title='bbox 763 1397 879 1438; x_wconf 90' lang='lat' dir='ltr'>idem</span> <span class='ocrx_word' id='word_1_135' title='bbox 915 1397 1116 1438; x_wconf 88' lang='lat' dir='ltr'>dominus</span> <span class='ocrx_word' id='word_1_136' title='bbox 1149 1411 1224 1438; x_wconf 84' lang='lat' dir='ltr'>rex</span> <span class='ocrx_word' id='word_1_137' title='bbox 1256 1399 1551 1440; x_wconf 89' lang='lat' dir='ltr'>Romanorum</span> <span class='ocrx_word' id='word_1_138' title='bbox 1589 1411 1715 1438; x_wconf 89' lang='lat' dir='ltr'>causa</span> <span class='ocrx_word' id='word_1_139' title='bbox 1752 1398 1794 1438; x_wconf 89' lang='lat' dir='ltr'>et</span> <span class='ocrx_word' id='word_1_140' title='bbox 1830 1410 1972 1437; x_wconf 85' lang='lat' dir='ltr'>amore</span> 
     </span>
     <span class='ocr_line' id='line_1_17' title="bbox 227 1466 1972 1522; baseline -0.002 -13"><span class='ocrx_word' id='word_1_141' title='bbox 227 1467 469 1521; x_wconf 89' lang='lat' dir='ltr'>reipublice</span> <span class='ocrx_word' id='word_1_142' title='bbox 507 1469 599 1510; x_wconf 87' lang='lat' dir='ltr'>tam</span> <span class='ocrx_word' id='word_1_143' title='bbox 632 1468 926 1510; x_wconf 75' lang='lat' dir='ltr'>ecclesiastice</span> <span class='ocrx_word' id='word_1_144' title='bbox 959 1482 1090 1522; x_wconf 86' lang='lat' dir='ltr'>quam</span> <span class='ocrx_word' id='word_1_145' title='bbox 1122 1469 1327 1510; x_wconf 87' lang='lat' dir='ltr'>secularis</span> <span class='ocrx_word' id='word_1_146' title='bbox 1360 1482 1408 1510; x_wconf 87' lang='lat' dir='ltr'>ac</span> <span class='ocrx_word' id='word_1_147' title='bbox 1439 1470 1582 1509; x_wconf 89' lang='lat' dir='ltr'>mutae</span> <span class='ocrx_word' id='word_1_148' title='bbox 1615 1466 1972 1509; x_wconf 77' lang='lat' dir='ltr'>confederationis</span> 
     </span>
     <span class='ocr_line' id='line_1_18' title="bbox 228 1538 1970 1593; baseline -0.003 -12"><span class='ocrx_word' id='word_1_149' title='bbox 228 1541 271 1581; x_wconf 94' lang='lat' dir='ltr'>et</span> <span class='ocrx_word' id='word_1_150' title='bbox 303 1538 502 1581; x_wconf 83' lang='lat' dir='ltr'>amicicie</span> <span class='ocrx_word' id='word_1_151' title='bbox 535 1540 807 1593; x_wconf 81' lang='lat' dir='ltr'>peramplius</span> <span class='ocrx_word' id='word_1_152' title='bbox 841 1540 1068 1581; x_wconf 90' lang='lat' dir='ltr'>solidande</span> <span class='ocrx_word' id='word_1_153' title='bbox 1106 1540 1290 1581; x_wconf 79' lang='lat' dir='ltr'>maxime</span> <span class='ocrx_word' id='word_1_154' title='bbox 1322 1539 1471 1592; x_wconf 83' lang='lat' dir='ltr'>flagrat</span> <span class='ocrx_word' id='word_1_155' title='bbox 1503 1539 1672 1589; x_wconf 78' lang='lat' dir='ltr'>affectu,</span> <span class='ocrx_word' id='word_1_156' title='bbox 1712 1540 1771 1588; x_wconf 76' lang='lat' dir='ltr'>ut,</span> <span class='ocrx_word' id='word_1_157' title='bbox 1805 1551 1854 1577; x_wconf 81' lang='lat' dir='ltr'>ex</span> <span class='ocrx_word' id='word_1_158' title='bbox 1885 1549 1970 1588; x_wconf 87' lang='lat' dir='ltr'>quo</span> 
     </span>
     <span class='ocr_line' id='line_1_19' title="bbox 226 1608 1971 1664; baseline -0.004 -13"><span class='ocrx_word' id='word_1_159' title='bbox 226 1610 343 1651; x_wconf 90' lang='lat' dir='ltr'>inter</span> <span class='ocrx_word' id='word_1_160' title='bbox 373 1623 498 1664; x_wconf 86' lang='lat' dir='ltr'>reges</span> <span class='ocrx_word' id='word_1_161' title='bbox 533 1612 576 1651; x_wconf 92' lang='lat' dir='ltr'>et</span> <span class='ocrx_word' id='word_1_162' title='bbox 607 1611 831 1664; x_wconf 83' lang='lat' dir='ltr'>principes</span> <span class='ocrx_word' id='word_1_163' title='bbox 864 1610 1072 1651; x_wconf 79' lang='lat' dir='ltr'>catolicos</span> <span class='ocrx_word' id='word_1_164' title='bbox 1098 1610 1214 1651; x_wconf 88' lang='lat' dir='ltr'>orbis</span> <span class='ocrx_word' id='word_1_165' title='bbox 1237 1612 1349 1651; x_wconf 89' lang='lat' dir='ltr'>terre</span> <span class='ocrx_word' id='word_1_166' title='bbox 1373 1610 1679 1659; x_wconf 86' lang='lat' dir='ltr'>Romanorum,</span> <span class='ocrx_word' id='word_1_167' title='bbox 1712 1608 1971 1647; x_wconf 78' lang='lat' dir='ltr'>Francorum</span> 
     </span>
     <span class='ocr_line' id='line_1_20' title="bbox 227 1676 1971 1735; baseline -0.004 -13"><span class='ocrx_word' id='word_1_168' title='bbox 227 1681 272 1722; x_wconf 88' lang='lat' dir='ltr'>et</span> <span class='ocrx_word' id='word_1_169' title='bbox 312 1680 471 1734; x_wconf 85' lang='lat' dir='ltr'>Anglie</span> <span class='ocrx_word' id='word_1_170' title='bbox 510 1694 634 1734; x_wconf 85' lang='lat' dir='ltr'>reges</span> <span class='ocrx_word' id='word_1_171' title='bbox 677 1681 870 1735; x_wconf 89' lang='lat' dir='ltr'>reputati</span> <span class='ocrx_word' id='word_1_172' title='bbox 919 1682 1021 1722; x_wconf 91' lang='lat' dir='ltr'>sunt</span> <span class='ocrx_word' id='word_1_173' title='bbox 1062 1682 1105 1721; x_wconf 92' lang='lat' dir='ltr'>et</span> <span class='ocrx_word' id='word_1_174' title='bbox 1143 1680 1332 1721; x_wconf 83' lang='lat' dir='ltr'>existunt</span> <span class='ocrx_word' id='word_1_175' title='bbox 1375 1681 1593 1732; x_wconf 80' lang='lat' dir='ltr'>tamquam</span> <span class='ocrx_word' id='word_1_176' title='bbox 1640 1677 1721 1718; x_wconf 88' lang='lat' dir='ltr'>tria</span> <span class='ocrx_word' id='word_1_177' title='bbox 1768 1676 1971 1729; x_wconf 77' lang='lat' dir='ltr'>precipua</span> 
     </span>
    </p>

    <p class='ocr_par' dir='ltr' id='par_1_9' title="bbox 155 1746 1971 2088">
     <span class='ocr_line' id='line_1_21' title="bbox 155 1746 1971 1805; baseline -0.005 -12"><span class='ocrx_word' id='word_1_178' title='bbox 155 1753 213 1795; x_wconf 66' lang='grc' dir='ltr'>ΞΟ</span> <span class='ocrx_word' id='word_1_179' title='bbox 227 1751 375 1805; x_wconf 84' lang='lat' dir='ltr'>capita</span> <span class='ocrx_word' id='word_1_180' title='bbox 405 1751 451 1792; x_wconf 91' lang='lat' dir='ltr'>in</span> <span class='ocrx_word' id='word_1_181' title='bbox 481 1752 817 1804; x_wconf 78' lang='lat' dir='ltr'>christianitate,</span> <span class='ocrx_word' id='word_1_182' title='bbox 851 1765 903 1793; x_wconf 82' lang='lat' dir='ltr'>ex</span> <span class='ocrx_word' id='word_1_183' title='bbox 934 1764 1120 1804; x_wconf 87' lang='lat' dir='ltr'>quorum</span> <span class='ocrx_word' id='word_1_184' title='bbox 1153 1750 1343 1792; x_wconf 87' lang='lat' dir='ltr'>unanimi</span> <span class='ocrx_word' id='word_1_185' title='bbox 1367 1749 1663 1791; x_wconf 79' lang='lat' dir='ltr'>conformitate</span> <span class='ocrx_word' id='word_1_186' title='bbox 1686 1746 1908 1788; x_wconf 73' lang='lat' dir='ltr'>scaturiret</span> <span class='ocrx_word' id='word_1_187' title='bbox 1930 1746 1971 1785; x_wconf 90' lang='lat' dir='ltr'>et</span> 
     </span>
     <span class='ocr_line' id='line_1_22' title="bbox 226 1814 1970 1868; baseline -0.005 -5"><span class='ocrx_word' id='word_1_188' title='bbox 226 1822 429 1864; x_wconf 85' lang='lat' dir='ltr'>manaret</span> <span class='ocrx_word' id='word_1_189' title='bbox 465 1823 511 1863; x_wconf 91' lang='lat' dir='ltr'>in</span> <span class='ocrx_word' id='word_1_190' title='bbox 543 1823 637 1863; x_wconf 90' lang='lat' dir='ltr'>tota</span> <span class='ocrx_word' id='word_1_191' title='bbox 669 1822 986 1864; x_wconf 85' lang='lat' dir='ltr'>christianitate</span> <span class='ocrx_word' id='word_1_192' title='bbox 1018 1821 1113 1862; x_wconf 84' lang='lat' dir='ltr'>fons</span> <span class='ocrx_word' id='word_1_193' title='bbox 1145 1820 1397 1862; x_wconf 86' lang='lat' dir='ltr'>indeficiens</span> <span class='ocrx_word' id='word_1_194' title='bbox 1427 1819 1564 1860; x_wconf 83' lang='lat' dir='ltr'>tocius</span> <span class='ocrx_word' id='word_1_195' title='bbox 1596 1817 1811 1866; x_wconf 74' lang='lat' dir='ltr'>bonitatis,</span> <span class='ocrx_word' id='word_1_196' title='bbox 1853 1814 1970 1868; x_wconf 85' lang='lat' dir='ltr'>pacis</span> 
     </span>
     <span class='ocr_line' id='line_1_23' title="bbox 227 1884 1970 1947; baseline -0.006 -13"><span class='ocrx_word' id='word_1_197' title='bbox 227 1894 272 1935; x_wconf 89' lang='lat' dir='ltr'>et</span> <span class='ocrx_word' id='word_1_198' title='bbox 293 1889 644 1947; x_wconf 77' lang='lat' dir='ltr'>tranquillitatis,</span> <span class='ocrx_word' id='word_1_199' title='bbox 677 1894 815 1935; x_wconf 86' lang='lat' dir='ltr'>eciam</span> <span class='ocrx_word' id='word_1_200' title='bbox 837 1893 1062 1934; x_wconf 88' lang='lat' dir='ltr'>individua</span> <span class='ocrx_word' id='word_1_201' title='bbox 1086 1891 1343 1933; x_wconf 83' lang='lat' dir='ltr'>sinceritatis</span> <span class='ocrx_word' id='word_1_202' title='bbox 1367 1889 1545 1931; x_wconf 84' lang='lat' dir='ltr'>ecclesie</span> <span class='ocrx_word' id='word_1_203' title='bbox 1559 1887 1787 1929; x_wconf 84' lang='lat' dir='ltr'>militantis</span> <span class='ocrx_word' id='word_1_204' title='bbox 1809 1884 1970 1925; x_wconf 87' lang='lat' dir='ltr'>unitate</span> 
     </span>
     <span class='ocr_line' id='line_1_24' title="bbox 227 1953 1970 2019; baseline -0.007 -13"><span class='ocrx_word' id='word_1_205' title='bbox 227 1963 534 2019; x_wconf 74' lang='lat' dir='ltr'>[uniantur]²²).</span> <span class='ocrx_word' id='word_1_206' title='bbox 599 1964 879 2006; x_wconf 84' lang='lat' dir='ltr'>Desideraret</span> <span class='ocrx_word' id='word_1_207' title='bbox 916 1964 1066 2016; x_wconf 86' lang='lat' dir='ltr'>itaque</span> <span class='ocrx_word' id='word_1_208' title='bbox 1105 1975 1183 2016; x_wconf 89' lang='lat' dir='ltr'>pro</span> <span class='ocrx_word' id='word_1_209' title='bbox 1226 1960 1413 2015; x_wconf 82' lang='lat' dir='ltr'>generali</span> <span class='ocrx_word' id='word_1_210' title='bbox 1456 1960 1571 2001; x_wconf 89' lang='lat' dir='ltr'>bono</span> <span class='ocrx_word' id='word_1_211' title='bbox 1610 1958 1691 1998; x_wconf 87' lang='lat' dir='ltr'>ista</span> <span class='ocrx_word' id='word_1_212' title='bbox 1722 1956 1802 1997; x_wconf 86' lang='lat' dir='ltr'>tria</span> <span class='ocrx_word' id='word_1_213' title='bbox 1833 1953 1970 2006; x_wconf 86' lang='lat' dir='ltr'>capita</span> 
     </span>
     <span class='ocr_line' id='line_1_25' title="bbox 226 2024 1970 2088; baseline -0.007 -12"><span class='ocrx_word' id='word_1_214' title='bbox 226 2034 288 2076; x_wconf 85' lang='lat' dir='ltr'>sic</span> <span class='ocrx_word' id='word_1_215' title='bbox 321 2033 621 2088; x_wconf 71' lang='lat' dir='ltr'>coadunarib),</span> <span class='ocrx_word' id='word_1_216' title='bbox 666 2037 714 2076; x_wconf 89' lang='lat' dir='ltr'>ut</span> <span class='ocrx_word' id='word_1_217' title='bbox 753 2035 799 2076; x_wconf 90' lang='lat' dir='ltr'>in</span> <span class='ocrx_word' id='word_1_218' title='bbox 841 2035 904 2076; x_wconf 86' lang='lat' dir='ltr'>eis</span> <span class='ocrx_word' id='word_1_219' title='bbox 943 2036 1058 2075; x_wconf 91' lang='lat' dir='ltr'>esset</span> <span class='ocrx_word' id='word_1_220' title='bbox 1099 2046 1172 2074; x_wconf 92' lang='lat' dir='ltr'>cor</span> <span class='ocrx_word' id='word_1_221' title='bbox 1213 2044 1347 2072; x_wconf 90' lang='lat' dir='ltr'>unum</span> <span class='ocrx_word' id='word_1_222' title='bbox 1379 2032 1421 2072; x_wconf 91' lang='lat' dir='ltr'>et</span> <span class='ocrx_word' id='word_1_223' title='bbox 1452 2029 1592 2070; x_wconf 89' lang='lat' dir='ltr'>anima</span> <span class='ocrx_word' id='word_1_224' title='bbox 1624 2040 1721 2079; x_wconf 79' lang='lat' dir='ltr'>una,</span> <span class='ocrx_word' id='word_1_225' title='bbox 1759 2026 1805 2066; x_wconf 89' lang='lat' dir='ltr'>ut</span> <span class='ocrx_word' id='word_1_226' title='bbox 1835 2024 1970 2078; x_wconf 89' lang='lat' dir='ltr'>pietas</span> 
     </span>
    </p>

    <p class='ocr_par' dir='ltr' id='par_1_10' title="bbox 154 2105 965 2159">
     <span class='ocr_line' id='line_1_26' title="bbox 154 2105 965 2159; baseline -0.002 -11"><span class='ocrx_word' id='word_1_227' title='bbox 154 2107 210 2149; x_wconf 73' lang='lat'>25</span> <span class='ocrx_word' id='word_1_228' title='bbox 226 2105 462 2147; x_wconf 89' lang='lat' dir='ltr'>uniformis</span> <span class='ocrx_word' id='word_1_229' title='bbox 495 2107 700 2159; x_wconf 85' lang='lat' dir='ltr'>regnaret</span> <span class='ocrx_word' id='word_1_230' title='bbox 730 2106 965 2147; x_wconf 89' lang='lat' dir='ltr'>actionum.</span> 
     </span>
    </p>

    <p class='ocr_par' dir='ltr' id='par_1_11' title="bbox 225 2165 1971 2451">
     <span class='ocr_line' id='line_1_27' title="bbox 345 2165 1971 2226; baseline -0.009 -7"><span class='ocrx_word' id='word_1_231' title='bbox 345 2177 458 2219; x_wconf 91' lang='lat' dir='ltr'>Item</span> <span class='ocrx_word' id='word_1_232' title='bbox 510 2177 628 2219; x_wconf 88' lang='lat' dir='ltr'>circa</span> <span class='ocrx_word' id='word_1_233' title='bbox 680 2177 764 2218; x_wconf 90' lang='lat' dir='ltr'>hoc</span> <span class='ocrx_word' id='word_1_234' title='bbox 810 2177 955 2218; x_wconf 88' lang='lat' dir='ltr'>actum</span> <span class='ocrx_word' id='word_1_235' title='bbox 1001 2174 1231 2217; x_wconf 86' lang='lat' dir='ltr'>salubriter</span> <span class='ocrx_word' id='word_1_236' title='bbox 1276 2171 1612 2226; x_wconf 88' lang='lat' dir='ltr'>producendum,</span> <span class='ocrx_word' id='word_1_237' title='bbox 1664 2168 1777 2209; x_wconf 89' lang='lat' dir='ltr'>idem</span> <span class='ocrx_word' id='word_1_238' title='bbox 1822 2165 1971 2219; x_wconf 69' lang='lat' dir='ltr'>[rex]“)</span> 
     </span>
     <span class='ocr_line' id='line_1_28' title="bbox 227 2234 1971 2301; baseline -0.01 -10"><span class='ocrx_word' id='word_1_239' title='bbox 227 2249 531 2291; x_wconf 85' lang='lat' dir='ltr'>Romanorum</span> <span class='ocrx_word' id='word_1_240' title='bbox 587 2248 789 2301; x_wconf 90' lang='lat' dir='ltr'>concepit</span> <span class='ocrx_word' id='word_1_241' title='bbox 840 2248 933 2289; x_wconf 87' lang='lat' dir='ltr'>vias</span> <span class='ocrx_word' id='word_1_242' title='bbox 985 2248 1029 2287; x_wconf 94' lang='lat' dir='ltr'>et</span> <span class='ocrx_word' id='word_1_243' title='bbox 1082 2245 1231 2286; x_wconf 90' lang='lat' dir='ltr'>modos</span> <span class='ocrx_word' id='word_1_244' title='bbox 1284 2245 1427 2296; x_wconf 77' lang='lat' dir='ltr'>aptos,</span> <span class='ocrx_word' id='word_1_245' title='bbox 1479 2238 1780 2282; x_wconf 83' lang='lat' dir='ltr'>convenientes</span> <span class='ocrx_word' id='word_1_246' title='bbox 1832 2237 1872 2275; x_wconf 79' lang='lat' dir='ltr'>et</span> <span class='ocrx_word' id='word_1_247' title='bbox 1918 2234 1971 2275; x_wconf 88' lang='lat' dir='ltr'>ad</span> 
     </span>
     <span class='ocr_line' id='line_1_29' title="bbox 225 2306 1970 2381; baseline -0.01 -20"><span class='ocrx_word' id='word_1_248' title='bbox 225 2319 453 2361; x_wconf 88' lang='lat' dir='ltr'>materiam</span> <span class='ocrx_word' id='word_1_249' title='bbox 484 2332 675 2373; x_wconf 83' lang='lat' dir='ltr'>congrue</span> <span class='ocrx_word' id='word_1_250' title='bbox 697 2318 967 2372; x_wconf 86' lang='lat' dir='ltr'>pertinentes</span> <span class='ocrx_word' id='word_1_251' title='bbox 996 2316 1195 2359; x_wconf 89' lang='lat' dir='ltr'>videlicet</span> <span class='ocrx_word' id='word_1_252' title='bbox 1218 2313 1482 2368; x_wconf 88' lang='lat' dir='ltr'>parentelam</span> <span class='ocrx_word' id='word_1_253' title='bbox 1494 2312 1527 2366; x_wconf 91' lang='lat'>¹)</span> <span class='ocrx_word' id='word_1_254' title='bbox 1548 2310 1659 2350; x_wconf 89' lang='lat' dir='ltr'>inter</span> <span class='ocrx_word' id='word_1_255' title='bbox 1680 2308 1796 2360; x_wconf 88' lang='lat' dir='ltr'>ipsos</span> <span class='ocrx_word' id='word_1_256' title='bbox 1820 2306 1970 2381; x_wconf 73' lang='lat' dir='ltr'>utpute</span> 
     </span>
     <span class='ocr_line' id='line_1_30' title="bbox 226 2375 1971 2451; baseline -0.01 -20"><span class='ocrx_word' id='word_1_257' title='bbox 226 2390 498 2433; x_wconf 85' lang='lat' dir='ltr'>Francorum</span> <span class='ocrx_word' id='word_1_258' title='bbox 521 2391 566 2432; x_wconf 93' lang='lat' dir='ltr'>et</span> <span class='ocrx_word' id='word_1_259' title='bbox 587 2390 744 2444; x_wconf 85' lang='lat' dir='ltr'>Anglie</span> <span class='ocrx_word' id='word_1_260' title='bbox 767 2402 890 2443; x_wconf 84' lang='lat' dir='ltr'>reges</span> <span class='ocrx_word' id='word_1_261' title='bbox 913 2387 1266 2436; x_wconf 84' lang='lat' dir='ltr'>contrahendam,</span> <span class='ocrx_word' id='word_1_262' title='bbox 1298 2384 1427 2436; x_wconf 89' lang='lat' dir='ltr'>prout</span> <span class='ocrx_word' id='word_1_263' title='bbox 1448 2380 1753 2422; x_wconf 87' lang='lat' dir='ltr'>ambasiatorcs</span> <span class='ocrx_word' id='word_1_264' title='bbox 1763 2376 1796 2427; x_wconf 79' lang='grc'>2)</span> <span class='ocrx_word' id='word_1_265' title='bbox 1820 2375 1971 2451; x_wconf 38' lang='lat' dir='ltr'>pref-ati</span> 
     </span>
    </p>

    <p class='ocr_par' dir='ltr' id='par_1_12' title="bbox 155 2450 1970 2573">
     <span class='ocr_line' id='line_1_31' title="bbox 155 2450 1970 2515; baseline -0.012 -11"><span class='ocrx_word' id='word_1_266' title='bbox 155 2463 212 2504; x_wconf 90' lang='lat'>30</span> <span class='ocrx_word' id='word_1_267' title='bbox 226 2460 340 2514; x_wconf 89' lang='lat' dir='ltr'>regis</span> <span class='ocrx_word' id='word_1_268' title='bbox 374 2460 532 2515; x_wconf 87' lang='lat' dir='ltr'>Anglie</span> <span class='ocrx_word' id='word_1_269' title='bbox 560 2461 658 2503; x_wconf 89' lang='lat' dir='ltr'>vive</span> <span class='ocrx_word' id='word_1_270' title='bbox 688 2460 806 2502; x_wconf 87' lang='lat' dir='ltr'>vocis</span> <span class='ocrx_word' id='word_1_271' title='bbox 837 2458 1118 2514; x_wconf 86' lang='lat' dir='ltr'>expressione</span> <span class='ocrx_word' id='word_1_272' title='bbox 1151 2458 1252 2498; x_wconf 92' lang='lat' dir='ltr'>sunt</span> <span class='ocrx_word' id='word_1_273' title='bbox 1282 2453 1461 2508; x_wconf 91' lang='lat' dir='ltr'>perinde</span> <span class='ocrx_word' id='word_1_274' title='bbox 1494 2451 1626 2493; x_wconf 89' lang='lat' dir='ltr'>lacius</span> <span class='ocrx_word' id='word_1_275' title='bbox 1658 2450 1698 2490; x_wconf 91' lang='lat' dir='ltr'>et</span> <span class='ocrx_word' id='word_1_276' title='bbox 1730 2457 1970 2499; x_wconf 83' lang='lat' dir='ltr'>expressms</span> 
     </span>
     <span class='ocr_line' id='line_1_32' title="bbox 225 2530 464 2573; baseline -0.004 0"><span class='ocrx_word' id='word_1_277' title='bbox 225 2530 464 2573; x_wconf 89' lang='lat' dir='ltr'>informati.</span> 
     </span>
    </p>

    <p class='ocr_par' dir='ltr' id='par_1_13' title="bbox 227 2593 1970 2728">
     <span class='ocr_line' id='line_1_33' title="bbox 345 2593 1970 2663; baseline -0.013 -18"><span class='ocrx_word' id='word_1_278' title='bbox 345 2602 458 2643; x_wconf 82' lang='lat' dir='ltr'>Item</span> <span class='ocrx_word' id='word_1_279' title='bbox 504 2615 558 2644; x_wconf 86' lang='lat' dir='ltr'>ex</span> <span class='ocrx_word' id='word_1_280' title='bbox 604 2615 694 2656; x_wconf 87' lang='lat' dir='ltr'>quo</span> <span class='ocrx_word' id='word_1_281' title='bbox 743 2601 1055 2652; x_wconf 81' lang='lat' dir='ltr'>serenissimus</span> <span class='ocrx_word' id='word_1_282' title='bbox 1099 2598 1301 2652; x_wconf 88' lang='lat' dir='ltr'>princeps</span> <span class='ocrx_word' id='word_1_283' title='bbox 1350 2607 1423 2636; x_wconf 85' lang='lat' dir='ltr'>rex</span> <span class='ocrx_word' id='word_1_284' title='bbox 1464 2593 1723 2634; x_wconf 88' lang='lat' dir='ltr'>Francorum</span> <span class='ocrx_word' id='word_1_285' title='bbox 1771 2600 1847 2663; x_wconf 74' lang='lat' dir='ltr'>per</span> <span class='ocrx_word' id='word_1_286' title='bbox 1894 2596 1970 2625; x_wconf 83' lang='lat' dir='ltr'>sua</span> 
     </span>
     <span class='ocr_line' id='line_1_34' title="bbox 227 2655 1969 2728; baseline -0.013 -13"><span class='ocrx_word' id='word_1_287' title='bbox 227 2672 394 2728; x_wconf 86' lang='lat' dir='ltr'>scripta</span> <span class='ocrx_word' id='word_1_288' title='bbox 437 2671 608 2715; x_wconf 88' lang='lat' dir='ltr'>vicibus</span> <span class='ocrx_word' id='word_1_289' title='bbox 640 2672 840 2726; x_wconf 88' lang='lat' dir='ltr'>repetitis</span> <span class='ocrx_word' id='word_1_290' title='bbox 886 2668 1205 2725; x_wconf 85' lang='lat' dir='ltr'>significavit‚3)</span> <span class='ocrx_word' id='word_1_291' title='bbox 1249 2665 1436 2720; x_wconf 87' lang='lat' dir='ltr'>qualiter</span> <span class='ocrx_word' id='word_1_292' title='bbox 1471 2663 1688 2704; x_wconf 86' lang='lat' dir='ltr'>Johannes</span> <span class='ocrx_word' id='word_1_293' title='bbox 1726 2655 1969 2698; x_wconf 74' lang='lat' dir='ltr'>nominatus</span> 
     </span>
    </p>
   </div>
   <div class='ocr_carea' id='block_1_8' title="bbox 157 2809 1964 2930">
    <p class='ocr_par' dir='ltr' id='par_1_14' title="bbox 157 2809 1964 2930">
     <span class='ocr_line' id='line_1_35' title="bbox 346 2809 1677 2859; baseline -0.014 -6"><span class='ocrx_word' id='word_1_294' title='bbox 346 2827 377 2859; x_wconf 85' lang='lat' dir='ltr'>a)</span> <span class='ocrx_word' id='word_1_295' title='bbox 397 2825 509 2853; x_wconf 66' lang='lat' dir='ltr'>Dicaea</span> <span class='ocrx_word' id='word_1_296' title='bbox 529 2824 608 2852; x_wconf 79' lang='lat' dir='ltr'>oder</span> <span class='ocrx_word' id='word_1_297' title='bbox 626 2822 791 2851; x_wconf 68' lang='lat' dir='ltr'>ahnlichee</span> <span class='ocrx_word' id='word_1_298' title='bbox 809 2830 850 2850; x_wconf 80' lang='lat' dir='ltr'>zu</span> <span class='ocrx_word' id='word_1_299' title='bbox 869 2822 1034 2857; x_wconf 71' lang='lat' dir='ltr'>erqdnzen.</span> <span class='ocrx_word' id='word_1_300' title='bbox 1089 2820 1123 2852; x_wconf 91' lang='lat' dir='ltr'>b)</span> <span class='ocrx_word' id='word_1_301' title='bbox 1143 2815 1317 2845; x_wconf 81' lang='lat' dir='ltr'>coaduvari</span> <span class='ocrx_word' id='word_1_302' title='bbox 1338 2815 1373 2841; x_wconf 90' lang='grc' dir='ltr'>Β.</span> <span class='ocrx_word' id='word_1_303' title='bbox 1429 2813 1457 2845; x_wconf 87' lang='lat' dir='ltr'>c)</span> <span class='ocrx_word' id='word_1_304' title='bbox 1477 2810 1561 2838; x_wconf 80' lang='lat' dir='ltr'>Fehlt</span> <span class='ocrx_word' id='word_1_305' title='bbox 1582 2811 1617 2836; x_wconf 88' lang='grc' dir='ltr'>Β.</span> <span class='ocrx_word' id='word_1_306' title='bbox 1673 2809 1677 2818; x_wconf 73' lang='lat'><strong><em>‘</em></strong></span> 
     </span>
     <span class='ocr_line' id='line_1_36' title="bbox 157 2864 1964 2930; baseline -0.018 -4"><span class='ocrx_word' id='word_1_307' title='bbox 157 2887 213 2930; x_wconf 88' lang='grc'>35</span> <span class='ocrx_word' id='word_1_308' title='bbox 350 2885 377 2929; x_wconf 87' lang='lat'>¹)</span> <span class='ocrx_word' id='word_1_309' title='bbox 403 2884 473 2919; x_wconf 73' lang='lat' dir='ltr'>Die</span> <span class='ocrx_word' id='word_1_310' title='bbox 500 2883 653 2918; x_wconf 66' lang='lat' dir='ltr'>Heiratlz</span> <span class='ocrx_word' id='word_1_311' title='bbox 678 2881 869 2928; x_wconf 73' lang='lat' dir='ltr'>Heinrz‘elzs</span> <span class='ocrx_word' id='word_1_312' title='bbox 894 2881 929 2916; x_wconf 87' lang='lat' dir='ltr'>V.</span> <span class='ocrx_word' id='word_1_313' title='bbox 954 2881 1016 2914; x_wconf 82' lang='lat' dir='ltr'>mit</span> <span class='ocrx_word' id='word_1_314' title='bbox 1038 2878 1144 2913; x_wconf 80' lang='lat' dir='ltr'>Karls</span> <span class='ocrx_word' id='word_1_315' title='bbox 1169 2876 1222 2911; x_wconf 92' lang='lat' dir='ltr'>VI.</span> <span class='ocrx_word' id='word_1_316' title='bbox 1249 2875 1281 2909; x_wconf 89' lang='lat' dir='ltr'><em>T</em></span> <span class='ocrx_word' id='word_1_317' title='bbox 1278 2873 1396 2908; x_wconf 81' lang='lat' dir='ltr'>oelzter</span> <span class='ocrx_word' id='word_1_318' title='bbox 1422 2869 1509 2904; x_wconf 79' lang='lat' dir='ltr'>wird</span> <span class='ocrx_word' id='word_1_319' title='bbox 1531 2869 1563 2902; x_wconf 79' lang='lat' dir='ltr'>in</span> <span class='ocrx_word' id='word_1_320' title='bbox 1588 2867 1705 2901; x_wconf 70' lang='lat' dir='ltr'>diesen</span> <span class='ocrx_word' id='word_1_321' title='bbox 1729 2864 1857 2898; x_wconf 75' lang='lat' dir='ltr'>Jahren</span> <span class='ocrx_word' id='word_1_322' title='bbox 1882 2865 1964 2894; x_wconf 79' lang='lat' dir='ltr'>stets</span> 
     </span>
    </p>
   </div>
   <div class='ocr_carea' id='block_1_9' title="bbox 229 2939 1964 3047">
    <p class='ocr_par' dir='ltr' id='par_1_15' title="bbox 229 2939 1964 3047">
     <span class='ocr_line' id='line_1_37' title="bbox 229 2939 1405 2987; baseline -0.011 -7"><span class='ocrx_word' id='word_1_323' title='bbox 229 2946 403 2986; x_wconf 79' lang='lat' dir='ltr'>erb‘rtert3</span> <span class='ocrx_word' id='word_1_324' title='bbox 429 2943 480 2979; x_wconf 77' lang='lat' dir='ltr'>sie</span> <span class='ocrx_word' id='word_1_325' title='bbox 505 2943 555 2978; x_wconf 79' lang='lat' dir='ltr'>ist</span> <span class='ocrx_word' id='word_1_326' title='bbox 577 2941 665 2977; x_wconf 83' lang='lat' dir='ltr'>aber</span> <span class='ocrx_word' id='word_1_327' title='bbox 692 2946 769 2976; x_wconf 69' lang='lat' dir='ltr'>eret</span> <span class='ocrx_word' id='word_1_328' title='bbox 792 2943 913 2987; x_wconf 79' lang='lat' dir='ltr'>spc’iter</span> <span class='ocrx_word' id='word_1_329' title='bbox 936 2939 1128 2983; x_wconf 77' lang='lat' dir='ltr'>vollzoqen.</span> <span class='ocrx_word' id='word_1_330' title='bbox 1403 2969 1405 2971; x_wconf 73' lang='grc'><strong>,</strong></span> 
     </span>
     <span class='ocr_line' id='line_1_38' title="bbox 349 2974 1964 3047; baseline -0.018 -7"><span class='ocrx_word' id='word_1_331' title='bbox 349 3003 377 3047; x_wconf 74' lang='lat'>²)</span> <span class='ocrx_word' id='word_1_332' title='bbox 404 3003 474 3038; x_wconf 82' lang='lat' dir='ltr'>Die</span> <span class='ocrx_word' id='word_1_333' title='bbox 509 3002 588 3037; x_wconf 83' lang='lat' dir='ltr'>drei</span> <span class='ocrx_word' id='word_1_334' title='bbox 624 3000 826 3036; x_wconf 72' lang='lat' dir='ltr'>Gesandten</span> <span class='ocrx_word' id='word_1_335' title='bbox 858 2997 1050 3044; x_wconf 68' lang='lat' dir='ltr'>Enylanda.</span> <span class='ocrx_word' id='word_1_336' title='bbox 1104 2994 1175 3040; x_wconf 73' lang='lat' dir='ltr'><em>Vyl.</em></span> <span class='ocrx_word' id='word_1_337' title='bbox 1208 2987 1516 3034; x_wconf 71' lang='lat' dir='ltr'>Reichstaysakten</span> <span class='ocrx_word' id='word_1_338' title='bbox 1546 2983 1610 3019; x_wconf 92' lang='lat' dir='ltr'>VII</span> <span class='ocrx_word' id='word_1_339' title='bbox 1638 2981 1703 3016; x_wconf 90' lang='lat' dir='ltr'>Nr.</span> <span class='ocrx_word' id='word_1_340' title='bbox 1728 2978 1796 3014; x_wconf 80' lang='lat'>142</span> <span class='ocrx_word' id='word_1_341' title='bbox 1825 2977 1862 3011; x_wconf 90' lang='lat' dir='ltr'>S.</span> <span class='ocrx_word' id='word_1_342' title='bbox 1889 2974 1964 3014; x_wconf 84' lang='lat'><strong><em>198.</em></strong></span> 
     </span>
    </p>
   </div>
   <div class='ocr_carea' id='block_1_10' title="bbox 349 3043 1540 3114">
    <p class='ocr_par' dir='ltr' id='par_1_16' title="bbox 349 3043 1540 3114">
     <span class='ocr_line' id='line_1_39' title="bbox 349 3043 1540 3114; baseline -0.017 -16"><span class='ocrx_word' id='word_1_343' title='bbox 349 3062 378 3112; x_wconf 82' lang='lat'>⁸)</span> <span class='ocrx_word' id='word_1_344' title='bbox 401 3060 490 3097; x_wconf 82' lang='lat' dir='ltr'>Man</span> <span class='ocrx_word' id='word_1_345' title='bbox 511 3061 581 3114; x_wconf 73' lang='lat' dir='ltr'><em>vql.</em></span> <span class='ocrx_word' id='word_1_346' title='bbox 607 3060 732 3100; x_wconf 67' lang='lat' dir='ltr'>hierzu</span> <span class='ocrx_word' id='word_1_347' title='bbox 757 3058 845 3099; x_wconf 83' lang='lat' dir='ltr'>oben</span> <span class='ocrx_word' id='word_1_348' title='bbox 868 3057 1069 3103; x_wconf 74' lang='lat' dir='ltr'>Einleituny</span> <span class='ocrx_word' id='word_1_349' title='bbox 1094 3053 1164 3088; x_wconf 85' lang='lat' dir='ltr'>und</span> <span class='ocrx_word' id='word_1_350' title='bbox 1187 3049 1372 3087; x_wconf 69' lang='lat' dir='ltr'>besonders</span> <span class='ocrx_word' id='word_1_351' title='bbox 1399 3046 1437 3083; x_wconf 72' lang='lat' dir='ltr'>S,</span> <span class='ocrx_word' id='word_1_352' title='bbox 1461 3043 1540 3086; x_wconf 73' lang='lat'>368,</span> 
     </span>
    </p>
   </div>
  </div>
 </body>
</html>
