2216 3432
461 183 503 222 Β.
543 182 698 228 Gregors
715 182 798 220 XII.
817 184 979 230 Stellung
996 197 1073 220 zum
1091 187 1218 222 Konzil
1242 189 1295 223 bis
1314 200 1374 224 zur
1392 191 1592 237 Erbffnung.
1631 193 1690 229 Nr.
1717 195 1771 229 70.
1912 186 1994 227 283

241 294 454 337 articulos
499 291 822 346 respondetur,
876 293 996 346 quod
1039 294 1085 335 in
1132 295 1315 338 concilio
1364 297 1541 347 Pisan0‚
1592 300 1646 341 ad
1694 302 1810 354 quod
1856 304 1995 345 fuerat

243 364 535 419 solempniter
567 365 611 405 et
644 362 792 404 debite
823 365 1017 415 vocatuS,
1051 365 1274 407 debuisset
1299 368 1404 409 talia
1425 369 1623 422 allegare.
1672 371 1756 413 Sed
1779 372 1866 427 im)
1895 386 1996 415 con-

242 437 344 480 cilio
376 435 576 491 predicto
609 435 704 476 eius
737 435 1015 477 abscenciam
1048 436 1127 478 Dei
1159 439 1389 490 presencia
1420 439 1696 495 supplebatb)
1731 474 1739 482 .
1774 474 1782 482 .
1817 477 1825 484 .
1859 443 1910 484 Et
1943 445 1996 485 ad

241 521 395 551 verum
417 506 603 550 firmiter
626 506 895 547 credendum
927 510 1008 558 est,
1042 509 1160 561 quod
1185 509 1300 550 Deus
1328 509 1437 563 ipse,
1470 510 1545 564 qui
1569 512 1737 553 duobus
1768 514 1834 554 vel
1857 515 1996 555 tribus

199 578 612 623 5convenientibus
644 577 692 619 in
724 577 900 619 nomine
933 591 1012 620 suo
1054 579 1158 621 dixit
1193 593 1238 620 se
1271 581 1423 632 adesse
1456 582 1500 622 in
1532 595 1681 623 eorum
1714 584 1868 636 medio,
1902 616 1910 624 .
1945 616 1954 625 .
1987 616 1996 625 .

241 651 288 693 in
320 650 397 692 illo
431 651 586 692 sancto
619 648 828 699 concilim
868 649 912 690 in
946 663 1032 703 quo
1065 650 1290 704 fuerunt‘)
1329 654 1393 693 tot
1434 653 1571 694 sancti
1615 655 1781 705 patres,
1819 667 1998 707 presens

241 722 326 765 fuit
359 754 368 763 .
403 754 412 763 .
449 754 457 762 .
520 721 681 763 Multos
715 720 1057 774 enim‘legimus
1096 722 1412 763 contendentes
1445 723 1497 764 de
1530 726 1695 776 papatu
1733 724 1777 765 in
1810 725 1998 766 conciliis

241 790 568 848 generalibusd)
606 791 741 834 fuisse
785 792 1130 845 condempnatos
1171 793 1295 834 sicud
1333 794 1424 845 (10⁰)
1466 794 1703 836 Laurencio
1741 808 1838 836 cum
1877 796 1999 847 Sym-

242 865 399 907 macho
431 864 719 906 contendenti
753 864 806 905 de
839 861 1064 918 papatus),
1098 863 1222 905 sicud
1256 864 1307 905 de
1332 864 1497 905 Cadulo
1530 865 1663 907 eciam
1694 879 1791 906 cum
1814 866 2000 907 Alexan-

175 941 228 982 10
244 938 323 979 dro
367 937 421 979 de
461 938 628 991 papatu
678 935 979 983 contendenti,
1030 935 1153 976 sicud
1203 936 1255 977 de
1297 936 1429 977 Petro
1474 936 1630 977 Leonis
1678 937 1813 977 eciam
1854 938 2000 978 contra

243 1008 581 1059 innocencium,
625 1007 748 1049 sicud
789 1008 842 1048 de
885 1007 1127 1048 Octaviano
1168 1008 1211 1047 et
1252 1006 1452 1048 Guidone
1491 1009 1641 1048 contra
1684 1007 2001 1048 Alexandrum:

243 1080 319 1135 qui
368 1080 431 1122 sic
480 1079 811 1133 condempnati,
861 1078 896 1119 si
947 1080 1100 1120 contra
1146 1077 1560 1119 determinacionem
1601 1078 1780 1119 ecclesie
1818 1077 2000 1118 fuissent

243 1152 383 1194 auditi
427 1152 481 1194 ad
522 1152 797 1193 excusandas
838 1149 1147 1191 excusaciones
1198 1149 1242 1189 in
1286 1149 1498 1202 peccatis,
1538 1148 1831 1190 verisimiliter
1869 1148 2002 1189 inulta

243 1224 473 1266 dixissent.
539 1223 628 1264 Sed
661 1236 749 1263 non
782 1222 963 1275 legitur,
997 1222 1114 1274 quod
1148 1221 1463 1262 contendentes
1497 1221 1549 1261 de
1583 1222 1741 1273 papatu
1783 1233 1859 1273 per
1891 1219 2002 1259 iudi-

175 1298 227 1340 15
243 1294 360 1337 cium
394 1294 581 1336 ecclesie
613 1292 879 1335 universalis
894 1294 929 1347 Ε>
964 1292 1275 1344 condempnati
1311 1305 1504 1345 unquam
1538 1290 1806 1333 audienciam
1840 1290 2002 1330 habue-

244 1366 344 1408 rint.
409 1366 464 1407 Et
497 1367 566 1407 est
587 1378 756 1415 verum2
792 1365 909 1418 quod
944 1364 1174 1405 concilium
1203 1364 1408 1404 Pisanum
1441 1361 1572 1418 suith)
1603 1375 1753 1404 verum
1777 1359 2002 1402 concilium

244 1437 430 1479 ecclesie
463 1437 749 1488 universalis3
798 1436 899 1477 licet
943 1435 1068 1476 mulli
1112 1448 1200 1475 non
1241 1434 1442 1475 venerint
1485 1435 1539 1475 ad
1585 1432 1828 1486 predictum
1861 1430 2003 1472 conci-

244 1509 370 1561 lium,
403 1509 582 1551 fuerant
627 1507 778 1550 debite
811 1507 953 1549 vocati
988 1542 994 1548 .
1031 1539 1039 1547 .
1076 1538 1083 1547 .
1148 1505 1468 1547 Nichilominus
1510 1504 1622 1546 facta
1659 1516 1738 1556 per
1776 1502 1891 1551 illos,
1931 1501 2003 1554 qui

244 1580 427 1623 fuerunt
459 1582 706 1634 presentes,
741 1580 844 1621 sunt
877 1592 980 1620 vere
1013 1578 1126 1620 facta
1157 1591 1235 1631 per
1259 1576 1488 1618 concilium
1521 1574 1700 1616 ecclesie
1733 1571 2003 1618 universalis,

172 1656 230 1697 20
244 1652 370 1694 sicud
393 1652 556 1694 dicitur
590 1653 643 1694 de
671 1651 887 1693 electione
911 1650 1036 1691 facta.
1061 1648 1318 1691 absentibus
1351 1647 1450 1697 illis,
1484 1646 1559 1699 qui
1591 1644 1730 1685 vocati
1754 1643 2001 1684 fuerunt...

241 1724 333 1766 Nec
372 1725 506 1776 valet,
547 1723 583 1765 si
621 1724 815 1774 dicatur,
856 1722 975 1776 quod
1019 1720 1263 1762 cardinales
1302 1732 1389 1760 non
1436 1713 1715 1770 potuerunti)
1765 1724 2002 1754 convoca'e

243 1795 480 1838 concilium
529 1827 582 1838 ..
618 1827 627 1836 .
688 1793 776 1847 etk)
826 1807 907 1847 per
956 1791 1304 1834 evidentissimas
1351 1788 1539 1830 rationes
1585 1787 1817 1841 probatum
1866 1780 2002 1836 suiv),

246 1881 359 1921 quas
391 1866 464 1909 hic
495 1866 692 1908 inserere
727 1879 860 1907 causa
893 1863 1120 1906 brevitatis
1152 1862 1319 1903 omitto.
1386 1862 1544 1902 Verum
1578 1860 1723 1898 tamen
1755 1855 1846 1902 suit,
1888 1852 2002 1906 quod

245 1939 291 1980 in
324 1939 525 1994 predicto
559 1937 743 1980 concilio
777 1937 986 1990 Pisanos)
1033 1935 1211 1976 fuerunt
1251 1934 1477 1986 presentes
1517 1928 1740 1983 quingenti
1783 1927 1929 1979 patres
1961 1925 2002 1964 et

173 2011 377 2059 25ultra,
421 2023 509 2051 non
559 2009 886 2063 computatisffl)
942 2005 1326 2051 universitatibus,
1378 2000 1577 2055 capitulis
1619 1997 1919 2044 ecclesiarum,
1961 1996 2003 2034 et

245 2080 419 2123 nunciis
452 2094 621 2135 regum,
654 2080 739 2122 nisi
774 2080 914 2121 solum
949 2078 1132 2119 vocibus
1164 2076 1497 2130 procuratorum
1531 2071 1737 2124 ipsorum.

366 2153 429 2208 [7]
479 2153 624 2206 Super
651 2151 800 2194 verbis
823 2150 989 2192 ultimis
1013 2150 1133 2190 sexte
1157 2144 1448 2188 conclusionis
1476 2141 1700 2184 videlicet:
1733 2139 2003 2189 Nunquam

244 2225 482 2267 voluisse
525 2224 729 2266 cedere.
794 2223 845 2264 In
884 2223 966 2263 hoc
1005 2222 1070 2261 est
1108 2217 1375 2260 advertenda
1411 2215 1550 2256 forma
1590 2209 1821 2252 iuramenti
1862 2206 2001 2253 istius,

245 2296 354 2350 quia
383 2296 485 2338 talis
509 2297 645 2351 estg):
677 2294 886 2348 iuravit¹¹)
922 2294 966 2334 et
1000 2291 1131 2341 vovit,
1156 2289 1273 2342 quod
1296 2287 1388 2341 ipse
1422 2283 1696 2326 renunciaret
1719 2276 2003 2321 effectualiter

175 2366 332 2416 30iuri
372 2380 452 2409 suo
490 2369 533 2409 et
565 2366 751 2421 papatui
782 2379 913 2419 pure„
959 2364 1094 2405 libere
1127 2363 1170 2402 et
1211 2358 1489 2413 simpliciter,
1529 2355 1565 2395 si
1606 2356 1646 2395 et
1687 2350 1862 2405 quando
1894 2346 2003 2388 anti-

245 2452 378 2493 papa,
411 2438 489 2493 qui
522 2440 589 2480 est
631 2439 674 2479 et
705 2450 786 2490 pro
818 2439 1017 2489 tempore
1050 2432 1201 2482 fuerit,
1253 2428 1539 2471 consimiliter
1580 2422 1813 2476 aliquando
1847 2430 2004 2459 renun-

247 2510 432 2566 ciaret0)
479 2511 522 2551 et
574 2510 755 2552 cederet
801 2508 1013 2562 pretenso
1062 2504 1146 2545 iuri
1195 2515 1274 2543 suo
1317 2502 1361 2541 et
1402 2496 1581 2552 papatui
1626 2495 1715 2535 sive
1764 2488 2003 2535 decederet,

247 2581 488 2624 dummodo
530 2579 873 2623 anticardinales
912 2574 1244 2625 effectualiter1')
1287 2571 1421 2613 velint
1461 2581 1554 2610 cum
1589 2565 1695 2618 ipsis
1735 2559 1919 2604 dominis
1952 2557 2003 2598 de

248 2665 373 2695 sacro
406 2651 588 2706 collegio
621 2652 684 2694 sic
707 2650 942 2701 convenire
973 2650 1016 2689 et
1039 2645 1316 2691 concordare,
1350 2641 1467 2694 quod
1499 2652 1549 2679 ex
1581 2638 1660 2678 hoc
1683 2646 1804 2675 sacro
1827 2627 2003 2704 collegio

177 2729 233 2772 35
248 2725 292 2766 et
323 2723 435 2779 ipsis
468 2724 683 2777 sequatur
715 2723 830 2764 iuste
863 2718 1075 2762 canonica
1108 2714 1261 2757 electio
1294 2711 1410 2753 unici
1442 2712 1483 2751 et
1515 2703 1749 2748 indubitati
1773 2699 2002 2756 pontilims.

249 2795 410 2837 Petrus
459 2795 514 2837 de
564 2794 691 2836 Luna
737 2792 879 2835 voluit
925 2789 1076 2832 venire
1091 2791 1123 2840 ‘¹)
1172 2786 1360 2827 Saonam
1408 2783 1451 2823 et
1501 2778 1661 2820 ibidem
1707 2771 1913 2814 offerebat
1958 2779 2003 2807 se

0 1508 9 1524 ν,
0 1459 9 1498 nv„
0 1421 10 1449 ³·-
0 1237 13 1413 *vv-urhunx-

367 2960 398 2994 ὃ)
425 2959 513 2987 fehlt
539 2959 569 2987 0.
614 2958 648 2993 b)
677 2955 911 2990 opassivisch.
958 2954 986 2987 c)
1014 2951 1069 2979 ubi
1089 2949 1223 2978 fuerunt
1249 2947 1279 2980 0,
1307 2943 1498 2982 fuerant B.
1540 2941 1571 2973 d)
1591 2935 1790 2973 generaliter
1809 2933 1837 2960 (⁷.
1873 2932 1900 2983 e)
1921 2928 2003 2982 ma

247 3006 274 3041 f)
295 3006 335 3035 de
354 3007 480 3043 papatu
499 3006 581 3041 fehlt
600 3006 649 3041 B;
668 3004 763 3032 sicud
783 3002 886 3031 eciam
905 3002 961 3028 hat
983 3001 1010 3028 0.
1048 2999 1080 3034 g)
1101 2996 1186 3024 Fehlt
1201 2996 1237 3022 B.
1270 2994 1303 3027 h)
1324 2990 1423 3020 fuerit
1440 2990 1468 3017 Ο.
1505 2988 1526 3022 i)
1547 2984 1700 3022 poterunt
1721 2983 1749 3010 Ο.
1785 2980 1817 3033 k)
1839 2984 1913 3030 quia
1932 2975 2002 3035 say}

249 3055 279 3082 Β
291 3054 397 3082 hinzu.
439 3054 464 3089 l)
484 3053 588 3081 fuerit
602 3053 631 3081 Ο.
674 3052 718 3088 m)
739 3048 969 3085 computandis
989 3048 1026 3074 Β.
1071 3047 1102 3080 n)
1123 3041 1282 3072 iuraverit
1302 3041 1330 3068 C'.
1374 3040 1403 3072 o)
1423 3034 1628 3064 renunciavit
1647 3033 1684 3059 B.
1720 3030 1753 3065 p)
1773 3024 1955 3055 efficialiter
1974 3021 2002 3049 C.

173 3102 237 3148 40
250 3102 283 3147 q)
303 3101 411 3130 voluit
429 3101 544 3131 venire
562 3099 644 3137 fehlt
665 3099 694 3130 0.
