2216 3432
2111 0 2216 127 '¹'

254 173 310 215 94
667 172 695 207 Ι.
719 166 915 204 Abschnitt.
963 155 1387 199 Unionsverhandlungen
1413 152 1466 186 bis
1494 149 1594 185 1413.

254 283 452 328 ubbidire
483 294 507 322 a
528 278 595 321 chi
626 290 651 317 a
680 274 830 315 tenuto
859 270 887 311 il
918 267 1092 321 papam,
1129 260 1371 313 allegand0‚
1413 257 1494 299 che
1528 255 1613 298 alla
1643 252 1791 294 chiesa
1822 259 1997 301 sempre

256 367 351 397 esso
387 367 410 394 e
440 352 551 392 stato
587 343 811 389 obediente
847 341 891 381 et
921 352 945 379 a
977 348 1072 377 essa
1104 347 1129 374 a
1162 331 1334 386 portato
1382 327 1528 381 quella
1568 324 1716 366 debita
1748 317 1997 370 riverentia‚

257 426 333 466 che
369 423 404 463 si
435 418 621 461 richiede
658 414 699 456 di
728 412 899 465 portare
934 419 1011 460 per
1049 403 1305 456 qualunque
1349 397 1587 439 christiano
1619 407 1644 434 0
1677 390 1888 446 principe,
1927 400 1999 429 ma

258 509 282 536 a
310 490 473 546 pastori
504 488 543 529 d'
576 498 683 536 essa,
716 483 781 523 da⁷
814 478 929 533 quali
959 472 1306 518 indebitamente
1338 483 1361 510 e
1391 469 1489 509 suto
1520 464 1766 518 ingiuriam,
1799 472 1921 523 come
1955 457 1999 500 di

258 575 382 615 sopra
418 559 453 600 si
484 557 589 606 dice,
621 568 645 595 a
677 551 895 594 subtracto
927 548 953 588 l'
986 541 1246 590 obedientia,
1278 553 1349 580 ma
1381 537 1566 580 essendo
1599 547 1675 576 ora
1696 545 1776 586 per
1799 531 1840 572 la
1861 526 2040 583 gratia5

259 631 404 674 divina
442 629 482 669 la
519 625 661 666 chiesa
702 622 744 663 di
776 620 855 661 Dio
893 618 1056 658 ridocta
1095 625 1221 654 avere
1265 610 1385 651 unita
1425 609 1468 648 et
1510 602 1765 660 sperandosi
1808 614 1889 654 per
1923 599 2000 652 lui,

258 703 334 743 che
365 700 418 740 da
447 694 591 749 quinci
622 691 774 742 inanzi‚
807 691 860 730 da
891 687 958 728 chi
991 699 1013 726 e
1045 686 1087 725 et
1118 695 1216 723 sara
1248 692 1327 734 per
1359 679 1395 719 e'
1430 675 1594 730 tempi,
1627 672 1788 715 vicario
1821 671 1864 712 di
1898 671 2001 712 Jesu

259 770 427 811 Christo
466 778 551 806 non
597 774 738 803 essere
776 757 1017 811 ingiuriato,
1066 767 1134 795 ma
1180 751 1363 792 trattato
1410 760 1531 789 come
1580 757 1680 786 vero
1726 741 1920 795 figliuolo
1958 739 2003 782 di

259 839 404 881 sancta
439 835 580 876 chiesa
620 834 661 872 et
699 842 817 871 come
857 823 1218 868 christianissimo
1264 817 1462 873 principe
1502 817 1543 857 et
1577 814 1719 869 pugile
1758 812 1873 853 della
1904 811 2003 852 sede

260 906 478 955 0311101103,
518 916 611 944 esso
653 914 675 941 0
715 898 936 939 diliberato
985 894 1025 935 di
1064 893 1204 934 volere
1249 890 1445 942 prestare
1487 899 1590 926 vera
1628 882 1879 926 obedientia
1918 880 2004 922 alla
2021 877 2075 920 10

261 992 337 1019 sua
368 975 549 1016 sanctita
586 972 627 1011 et
659 971 694 1010 a'
728 967 821 1009 suoi
852 963 1092 1007 successori
1132 963 1174 1002 et
1211 961 1290 1000 che
1324 959 1483 1011 questa
1516 953 1872 996 reconciliatione
1905 964 2004 993 esso

265 1046 442 1087 intende
487 1043 575 1083 fare
620 1052 697 1093 per
729 1051 846 1079 mezo
893 1035 1004 1076 della
1045 1034 1201 1080 nostra
1236 1028 1514 1070 communita.
1578 1026 1631 1066 Et
1663 1025 1714 1076 si,
1746 1023 1905 1077 perche
1943 1035 2005 1072 sa,

267 1117 426 1170 quanto
458 1114 526 1154 noi
560 1111 691 1151 siamo
724 1105 987 1149 devotissimi
1018 1102 1194 1155 figliuoli
1229 1103 1270 1141 et
1293 1097 1501 1140 servidori
1535 1097 1575 1138 di
1611 1097 1763 1137 sancta
1795 1092 1939 1134 chiesa
1961 1092 2005 1133 et

265 1186 376 1227 della
416 1197 493 1223 sua
522 1180 800 1228 beatitudine,
840 1178 880 1217 et
913 1176 1100 1216 anchora
1132 1186 1208 1226 per
1242 1171 1438 1223 rispetto⁹
1471 1169 1550 1209 che
1583 1180 1681 1207 esso
1715 1181 1738 1205 e
1771 1164 2006 1217 congiunto

265 1255 376 1295 colla
420 1254 567 1294 nostra
615 1250 718 1290 citta
762 1261 841 1288 con
886 1259 969 1286 una
1018 1242 1206 1285 amicitia
1253 1240 1486 1293 singulare,
1535 1235 1879 1289 suggiungondo,
1926 1231 2075 1275 che15

267 1337 405 1377 spera,
448 1323 524 1362 che
555 1319 795 1361 faccendosi
828 1318 981 1369 questa
1013 1313 1240 1355 concordia
1280 1324 1355 1365 per
1387 1311 1425 1351 le
1461 1311 1609 1349 nostre
1645 1306 1762 1348 mani
1795 1306 1929 1347 buoni
1964 1306 2007 1345 et

268 1391 469 1435 laudabili
508 1390 607 1432 facti
645 1403 697 1429 ne
729 1387 1070 1438 conseguiranno
1104 1384 1186 1424 allo
1219 1384 1335 1422 stato
1370 1381 1485 1421 della
1524 1378 1669 1419 chiesa
1702 1380 1746 1418 et
1780 1377 1896 1418 della
1927 1389 2008 1416 sua

271 1462 426 1503 santita
463 1463 505 1501 et
535 1472 689 1500 ancora
721 1458 759 1498 al
791 1470 879 1497 suo,
941 1454 1097 1508 Spuosi
1137 1466 1359 1506 appresso,
1392 1464 1515 1491 come
1559 1463 1657 1490 esso
1697 1447 1932 1488 intendeva
1965 1445 2007 1486 di

274 1531 514 1584 supplicare
546 1530 628 1570 alla
659 1542 735 1568 sua
766 1526 1031 1567 beatitudine
1063 1526 1178 1564 certe
1211 1522 1355 1575 glatie,
1386 1522 1422 1562 le
1447 1521 1563 1573 quali
1589 1520 1622 1559 s'
1647 1519 2008 1572 appartencvono

270 1602 351 1642 alla
383 1600 615 1641 directione
648 1600 689 1638 01
721 1598 863 1638 buono
891 1609 1076 1648 governo
1099 1594 1320 1647 spirituale
1350 1595 1387 1632 et
1414 1590 1654 1644 temporale
1678 1590 1747 1630 del
1771 1602 1851 1629 suo
1876 1601 2008 1640 regno
2023 1583 2080 1624 ΞΟ

271 1673 314 1711 et
345 1671 422 1710 che
456 1683 479 1710 a
511 1669 569 1709 lui
602 1680 819 1720 parevono
862 1665 1162 1706 honestissime
1203 1666 1243 1703 et
1276 1663 1439 1716 ginste3
1481 1664 1522 1702 et
1555 1662 1634 1701 che
1669 1658 1895 1700 essendosi
1929 1671 2009 1711 per

270 1739 340 1780 noi
372 1738 717 1790 diligentemente
750 1735 990 1777 examinate
1023 1736 1064 1775 et
1097 1733 1369 1775 considerate
1403 1732 1441 1773 le
1476 1732 1626 1783 gratie,
1659 1731 1742 1770 che
1766 1729 1801 1770 si
1827 1731 2010 1770 doman-

272 1810 381 1849 dono
413 1821 487 1860 per
518 1820 611 1848 esso
643 1807 916 1847 serenissimo
948 1804 1145 1858 principe
1178 1806 1219 1844 et
1250 1803 1485 1857 parendoci
1524 1804 1635 1843 tutte
1676 1814 1775 1843 cose
1813 1799 2012 1854 ragione-

269 1878 350 1919 voli
389 1880 430 1918 01
468 1877 788 1918 examinandosi
830 1877 1029 1925 anchora,
1071 1876 1235 1928 quanto
1274 1875 1354 1927 egli
1397 1874 1585 1927 imporla
1624 1874 1709 1914 allo
1749 1874 1864 1914 stato
1897 1871 2014 1912 della

270 1947 412 1988 chiesa
447 1950 490 1987 01
520 1949 778 1999 augumento
822 1947 860 1986 d'
895 1959 991 1986 essa
1034 1945 1063 1986 il
1104 1945 1325 1986 reducersi
1365 1945 1448 1985 alla
1487 1943 1741 1984 obedientia
1784 1942 1899 1983 della
1936 1954 2014 1983 sua
2029 1937 2082 1977 25

271 2017 530 2058 beatitudine
573 2019 724 2069 questo
761 2016 1068 2068 gloriosissimo
1113 2028 1159 2056 re
1202 2015 1243 2056 di
1283 2015 1501 2067 singulare
1546 2014 1662 2055 virtu
1702 2014 1768 2054 tra
1812 2013 1916 2054 tutti
1957 2012 2015 2065 gli

272 2087 367 2127 altri
403 2086 583 2139 principi
618 2086 854 2134 christiani„
894 2087 933 2126 n'
967 2086 1165 2127 abbiamo
1212 2099 1341 2138 prese
1391 2084 1684 2138 grandissimo
1732 2083 1930 2125 conforto
1973 2084 2017 2124 et

274 2155 418 2197 letitia.
479 2157 532 2197 Et
568 2170 644 2209 per
684 2158 836 2209 questa
881 2156 1058 2207 cagione
1106 2156 1175 2196 noi
1227 2156 1266 2197 vi
1307 2156 1555 2196 mandiamo
1601 2156 1686 2196 alla
1729 2168 1809 2195 sua
1851 2153 2017 2195 santila

274 2225 527 2267 rendendoci
565 2227 683 2277 certi,
731 2227 808 2267 che
847 2227 887 2267 di
928 2229 1084 2279 questo
1117 2240 1212 2267 esso
1254 2228 1296 2267 et
1334 2227 1526 2267 anchora
1567 2225 1671 2267 tutti
1711 2225 1723 2266 i
1756 2225 1848 2266 veri
1888 2223 2018 2266 fedeli

274 2295 493 2335 christiani
532 2295 792 2348 piglieranno
834 2297 1128 2338 consolatione
1168 2297 1401 2349 singulare.
1470 2296 1546 2338 l’oi
1590 2296 1648 2349 gli
1688 2296 1841 2347 (111·010,
1880 2295 1961 2337 0110
1994 2287 2090 2336 330

275 2363 369 2416 ogni
412 2364 678 2417 beneplacito
725 2367 836 2408 della
881 2380 959 2408 sua
1000 2366 1273 2408 beatitudine
1317 2368 1386 2409 voi
1433 2369 1523 2408 sete
1562 2367 1699 2421 presti
1739 2367 1794 2408 ad
1834 2378 2020 2419 exporre

275 2433 651 2485 particularmente
683 2436 722 2476 le
754 2436 903 2488 gratio,
937 2437 975 2477 le
1007 2437 1121 2490 quali
1155 2451 1232 2491 per
1266 2438 1305 2478 lo
1337 2437 1509 2491 prefato
1542 2451 1588 2478 re
1612 2438 1645 2478 s'
1670 2436 1955 2479 adimandino
1977 2436 2022 2477 et

277 2503 354 2543 che
391 2504 460 2545 noi
501 2504 537 2545 ci
576 2507 794 2547 rendiamo
833 2507 953 2554 certi,
995 2508 1073 2549 che
1116 2510 1227 2549 tutte
1266 2508 1323 2561 gli
1372 2522 1593 2562 porranno
1641 2522 1742 2550 cose
1788 2506 1934 2560 giuste
1976 2508 2022 2548 01

278 2573 463 2614 anchora
500 2574 592 2615 utili
632 2575 716 2616 allo
753 2578 864 2617 stato
907 2577 1020 2620 della
1065 2578 1224 2629 chiesa,
1263 2579 1440 2631 quando
1478 2591 1558 2631 per
1590 2579 1631 2620 la
1662 2591 1742 2620 sua
1781 2577 1946 2619 santita
1984 2574 2022 2617 si

283 2653 463 2683 saranno
493 2643 639 2684 uddite
670 2646 711 2685 et
742 2645 1026 2688 considerate.
2037 2640 2092 2682 35

395 2710 434 2750 A
462 2712 529 2752 voi
561 2713 699 2755 diamo
730 2716 860 2767 piena
890 2718 932 2757 et
963 2717 1101 2759 libera
1132 2718 1434 2770 commixione‚
1469 2719 1550 2760 0110
1583 2719 1767 2761 facciate
1797 2720 1842 2760 et
1864 2716 2024 2760 diciate

282 2779 393 2820 inste
429 2782 571 2833 quella
601 2796 710 2834 0080,
741 2785 818 2826 che
850 2798 1066 2839 sapranno
1098 2801 1121 2829 e
1163 2790 1379 2841 potranno
1410 2790 1451 2831 le
1483 2790 1628 2832 vostre
1659 2789 1910 2843 prudentie,
1941 2787 2024 2830 che

283 2851 433 2901 questa
463 2852 688 2893 concordia
719 2854 760 2894 et
791 2856 943 2907 questa
974 2858 1226 2900 reductione
1259 2860 1300 2900 d'
1334 2859 1578 2901 ubidientia
1599 2862 1669 2902 tra
1689 2859 1719 2902 il
1741 2860 1866 2902 santo
1887 2858 2026 2912 padre
2087 2861 2094 2866 ’

285 2919 326 2958 01
354 2918 384 2959 11
413 2919 528 2960 detto
555 2922 824 2965 serenissimo
854 2938 899 2967 re
922 2927 1185 2981 d'Ungheria
1207 2929 1336 2972 abbia
1358 2929 1484 2972 felice
1509 2931 1554 2972 et
1574 2931 1724 2973 buona
1745 2928 2026 2972 conclusione

284 2987 327 3027 et
358 2987 435 3028 che
471 2989 502 3029 il
532 2992 654 3032 santo
684 2993 817 3045 padre
854 2999 1060 3040 consenta
1098 2999 1213 3040 tutte
1254 3000 1294 3042 le
1324 2999 1474 3054 gratie,
1519 3000 1601 3043 che
1638 3013 1719 3055 per
1748 3001 1792 3043 lo
1824 2999 1948 3049 deta>
1979 3010 2028 3041 re
2040 2998 2100 3043 40
