2216 3432
442 165 484 201 B.
522 164 676 212 Gregors
693 165 776 202 XII.
795 165 957 212 Stellung
981 179 1058 202 zum
1076 168 1203 204 Konzil
1226 171 1280 205 bis
1304 182 1366 206 zur
1382 171 1583 220 Erdffnung.
1621 174 1682 211 Nr.
1709 176 1763 213 73.
1904 166 1987 210 305

230 288 451 331 rogamus,
505 274 721 327 advertat,
775 275 908 328 quod,
962 275 1037 330 qui
1088 289 1178 319 non
1229 278 1391 334 colligit
1441 293 1538 322 cum
1586 281 1761 325 domino
1808 285 1850 326 et
1895 285 1988 327 eius

0 334 7 387 1
229 346 408 400 vicario,
443 344 671 401 dispergit.

349 418 437 476 [13]
501 417 722 469 Quoniam
764 418 912 460 autem
946 419 1062 461 Deus
1101 420 1379 475 omnipotens
1411 421 1457 464 in
1487 422 1731 466 humilitate
1762 425 1990 478 preciosis-

230 492 343 534 sima
374 489 605 545 sanguinis
638 489 706 531 sui
733 489 1030 544 principatum
1062 492 1351 545 apostolicum
1376 506 1508 546 super
1529 507 1679 536 omnes
1702 495 1817 537 orbis
1840 497 1991 538 extulit

188 562 509 619 5principatus
549 562 592 604 et
632 561 782 615 ipsum
819 561 950 604 beato
989 561 1201 616 clavigero
1234 576 1312 604 suo
1344 564 1525 617 eiusque
1559 565 1896 619 suecessoribus,
1939 567 1991 608 de

231 648 422 690 quorum
464 645 651 675 numero
693 646 774 675 nos
813 632 917 674 licet
952 632 1155 687 indignos
1187 633 1392 686 instituit,
1426 648 1571 677 nonne
1603 636 1883 689 malignitatis
1915 651 1991 679 seu

230 706 404 762 ignavie
447 705 579 759 culpa
615 703 733 746 iuste
778 703 915 746 divini
946 703 992 745 in
1024 718 1104 747 nos
1136 705 1296 748 suroris
1327 705 1659 747 vendiearemus
1692 707 1918 759 ulcionem,
1957 708 1993 749 si

232 792 320 821 non
357 776 556 826 humani,
595 776 674 818 sed
713 775 850 818 divini
888 774 1162 830 principatus
1203 776 1386 830 apicem,
1428 790 1559 830 quem
1598 778 1716 819 Deus
1757 778 1992 820 immensus

230 864 373 905 usque¹
415 849 471 891 ad
509 847 594 890 celi
632 848 776 889 evexit
807 848 1085 901 potestatem,
1130 847 1333 901 ingerens
1366 848 1493 889 beato
1528 848 1679 890 Petro:
1727 846 1994 903 Quodcunque

165 921 218 962 10
233 922 430 978 liyaveris
470 933 590 976 super
635 926 801 969 terram,
846 919 923 960 erit
958 919 1130 973 [lyncum
1168 925 1205 959 et
1233 919 1278 959 in
1309 918 1414 969 celis,
1462 925 1499 959 et
1533 919 1790 973 quodcunque
1830 920 1994 960 solveres

232 1008 353 1050 super
384 999 548 1042 terram,
581 991 659 1032 erit
688 991 862 1031 solutum
894 997 931 1031 et
960 991 1004 1030 in
1035 989 1187 1044 c‘eli3‚1)
1222 990 1448 1032 hominum
1481 989 1778 1031 subiceremus
1808 990 1994 1043 vestigiis

232 1064 584 1108 conculcandum
616 1063 686 1105 vel
718 1063 1035 1104 assentiremus
1068 1061 1219 1103 subici.
1274 1062 1386 1103 Dum
1420 1060 1534 1102 enim
1567 1060 1778 1114 gloriosus
1800 1061 1993 1113 pontifex

232 1135 474 1192 Thomas‘2)
505 1149 587 1189 pro
620 1134 923 1188 recuperanda
946 1132 1127 1176 ecclesie
1150 1132 1391 1186 Anglicane
1414 1131 1628 1182 libertate,
1662 1144 1791 1185 quam
1814 1132 1995 1173 latitudo

231 1208 390 1262 regalis
429 1206 659 1250 abusionis
700 1206 945 1258 excederat,
988 1204 1335 1258 expollacionem
1376 1202 1595 1244 facultatis
1636 1202 1703 1243 sui
1736 1216 1996 1256 suorumque

166 1280 217 1321 15
233 1278 664 1334 consanguineorum
707 1279 750 1320 et
788 1277 985 1330 inopiam
1035 1278 1168 1330 atque
1216 1274 1391 1317 exilium
1438 1274 1537 1315 forti
1584 1273 1732 1315 tulerit
1778 1273 1919 1314 animo
1957 1274 1998 1314 et

234 1353 414 1394 demum
457 1352 591 1405 caput
634 1363 809 1392 sacrum
851 1349 1007 1402 gladiis
1048 1346 1258 1401 optulerit
1299 1345 1545 1399 impiorum,
1587 1345 1694 1398 quid
1737 1358 1814 1386 nos
1855 1346 1996 1386 facere

234 1424 450 1466 debemus
491 1436 571 1477 pro
616 1422 785 1464 tuenda
826 1421 1031 1463 libertate
1069 1421 1112 1460 et
1153 1417 1403 1460 reverencia
1445 1418 1594 1458 sancte
1637 1416 1751 1457 sedis
1785 1416 1996 1466 Romane,

234 1509 321 1550 que
363 1496 429 1537 tot
465 1493 699 1536 martirum,
740 1493 955 1547 sanguine
997 1492 1144 1533 erecta
1186 1491 1253 1531 est
1290 1491 1443 1542 totque
1486 1488 1783 1529 confessorum
1828 1485 1996 1539 vigiliis,

235 1568 464 1610 laboribus
512 1568 556 1608 et
604 1565 818 1607 doctrinis
866 1566 1021 1605 ornata
1068 1565 1112 1605 ct
1159 1575 1289 1616 quam
1336 1558 1470 1601 sacris
1523 1560 1773 1599 sanctorum
1824 1559 1996 1609 patruni

164 1638 221 1679 20
235 1639 524 1681 sanxionibus
558 1638 603 1679 et
635 1650 835 1679 cesarum
869 1634 1182 1689 recognitione
1202 1632 1401 1673 novimus
1434 1631 1689 1672 cunctarum
1719 1641 1743 1669 a
1776 1629 1864 1669 Deo
1897 1641 1997 1668 con-

235 1710 438 1753 stitutam
479 1723 577 1751 esse
620 1709 905 1750 ecelesiarum
956 1707 1100 1759 caput,
1153 1705 1197 1745 in
1240 1702 1363 1745 cuius
1402 1700 1617 1743 soliditate
1666 1697 1819 1752 capitis
1857 1697 1997 1739 omnis

235 1781 461 1824 edificacio
496 1782 749 1823 constructa
782 1779 941 1820 crescit
972 1777 1019 1818 in
1052 1776 1266 1829 templum
1299 1774 1497 1814 sanctum
1528 1771 1572 1812 in
1605 1770 1791 1819 domino,
1835 1768 1878 1808 in
1910 1781 1996 1820 quo

235 1867 390 1895 omnes
431 1851 659 1894 christiani
702 1850 1014 1893 reedificantur
1048 1848 1093 1888 in
1127 1845 1424 1887 habitaculum
1455 1842 1532 1884 Dei
1565 1842 1611 1883 in
1643 1839 1798 1893 spiritu
1834 1840 1995 1879 sancto.

235 1925 479 1967 Hortamur
500 1924 649 1977 igitur,
674 1924 977 1967 admonemus,
1001 1920 1284 1962 obsecramus
1317 1925 1693 1965 convocamusque
1724 1912 1822 1951 ante
1846 1908 1997 1950 iudicis

166 1996 483 2038 25infallibilis
516 1995 796 2037 tremendum
831 2005 1014 2034 examen
1038 1990 1225 2032 eundem
1249 1985 1535 2033 carissimum,
1568 1985 1616 2024 ut
1638 1981 1839 2030 diximus,
1873 1979 1997 2020 nobis

237 2083 289 2111 ex
322 2067 562 2110 affeccione
601 2066 742 2108 filium
775 2063 1108 2118 Sigismundum
1152 2073 1294 2113 regem
1335 2057 1548 2099 illustrem
1586 2054 1784 2105 rogantes
1823 2052 1998 2104 propter

238 2140 318 2182 Dei
360 2141 405 2181 et
445 2138 689 2193 apostolice
737 2137 853 2178 sedis
898 2135 1122 2181 intuitum,
1171 2132 1388 2184 quatenus
1438 2126 1605 2168 semota
1652 2123 1768 2164 omni
1811 2122 1997 2162 hunnum

237 2210 396 2266 gracia,
429 2210 549 2253 omni
584 2207 871 2263 parcialitatis
905 2206 1079 2255 affectu,
1114 2203 1216 2245 velit
1248 2201 1307 2242 ita
1338 2199 1382 2240 in
1416 2199 1496 2239 hac
1529 2195 1676 2236 (lirina
1704 2205 1833 2234 causa
1855 2191 1999 2244 partes

238 2296 465 2336 operaque
505 2295 586 2323 sua
623 2279 914 2322 effectualiter
952 2277 1247 2328 interponere,
1291 2270 1506 2324 quantum
1538 2267 1683 2319 potest
1716 2266 1756 2305 01
1788 2263 1997 2315 quantum

168 2353 324 2396 30sibi
358 2352 578 2404 convenit,
622 2352 743 2405 quod
782 2347 1034 2392 execucioni
1073 2344 1271 2387 mandari
1310 2340 1484 2383 valeant
1521 2338 1615 2378 sine
1654 2334 1799 2376 divina
1837 2332 2000 2373 oll'ensa

240 2429 283 2468 et
315 2424 498 2467 ecclesie
542 2425 693 2465 sancte
736 2422 885 2464 oblata
924 2433 1003 2473 per
1043 2431 1122 2459 nos
1155 2418 1200 2457 et
1233 2416 1324 2456 tota
1357 2412 1502 2453 mente
1533 2408 1693 2462 optata,
1737 2416 1875 2457 queve
1909 2403 2001 2454 ipse

240 2496 448 2538 affectare
487 2495 632 2546 debet,
675 2493 721 2535 in
754 2490 1125 2546 tranquillitatem
1166 2484 1369 2529 videlicet
1400 2483 1437 2523 et
1474 2475 1861 2530 reintegracionem
1893 2470 2002 2513 cliri-

240 2567 499 2609 suanorum.
569 2565 634 2606 Ex
674 2566 757 2606 hoc
802 2564 970 2617 quippe
1013 2560 1132 2614 apud
1178 2556 1403 2599 dominum
1451 2549 1720 2605 premiorum
1766 2542 2003 2586 merebitur

241 2638 452 2693 grandem
504 2635 886 2683 retribucionem„
916 2633 1156 2684 sanctaque
1209 2625 1392 2669 ecclesia
1443 2622 1582 2664 mater
1634 2630 1724 2667 sua⁷
1778 2614 1876 2656 talis
1926 2610 2002 2652 tilii

171 2708 226 2751 35
242 2709 472 2752 sublevata
513 2707 557 2748 et
593 2705 825 2760 pacificata
865 2703 1131 2752 interventU,
1174 2699 1317 2753 ipsum
1364 2694 1519 2737 merito
1560 2686 1800 2744 predicabit
1847 2682 2002 2736 glorio-

242 2781 404 2823 siorem
438 2778 547 2831 aput
579 2778 719 2818 Deum
752 2777 797 2817 et
829 2775 1032 2817 homines
1065 2773 1227 2814 virtute
1261 2780 1393 2822 quam
1426 2762 1543 2817 regni
1576 2757 1757 2812 fastigio.

362 2849 450 2906 [14]
512 2849 569 2890 Et
602 2846 707 2901 quia
739 2859 874 2900 supra
907 2845 1109 2895 diximus,
1144 2844 1192 2884 ut
1226 2840 1270 2881 in
1303 2835 1495 2890 capitulo
1526 2827 1778 2886 precedenti
1811 2823 2002 2879 apparet,

367 3017 393 3060 ¹)
420 3014 494 3049 Aus
522 3012 724 3047 Matthaeus
753 3010 809 3053 16,
836 3009 892 3045 19.

366 3076 394 3121 2)
419 3072 641 3118 Erzbisclcof
667 3070 814 3105 Thomas
840 3079 909 3103 von
937 3064 1170 3111 Canterbury.

316 3147 389 3175 Fin
397 3147 445 3175 ke
456 3166 465 3180 ‚
483 3145 567 3173 Acta
586 3141 719 3171 concilii
743 3136 1022 3169 Constanciensis.
1039 3135 1064 3165 1.
1674 3110 1729 3152 &20
