<?xml version="1.0" encoding="UTF-8"?>
<!DOCTYPE html PUBLIC "-//W3C//DTD XHTML 1.0 Transitional//EN"
    "http://www.w3.org/TR/xhtml1/DTD/xhtml1-transitional.dtd">
<html xmlns="http://www.w3.org/1999/xhtml" xml:lang="en" lang="en">
 <head>
  <title>
</title>
<meta http-equiv="Content-Type" content="text/html;charset=utf-8" />
  <meta name='ocr-system' content='tesseract 3.04.00' />
  <meta name='ocr-capabilities' content='ocr_page ocr_carea ocr_par ocr_line ocrx_word'/>
</head>
<body>
  <div class='ocr_page' id='page_1' title='image "./actaconciliicons01counuoft_0081.png"; bbox 0 0 2216 3432; ppageno 0'>
   <div class='ocr_carea' id='block_1_1' title="bbox 0 2992 49 3238">
    <p class='ocr_par' dir='ltr' id='par_1_1' title="bbox 0 2992 49 3238">
     <span class='ocr_line' id='line_1_1' title="bbox 0 2992 49 3238; textangle 90"><span class='ocrx_word' id='word_1_1' title='bbox 0 3017 49 3238; x_wconf 46' lang='lat' dir='ltr'>va-Xxm&#39;fflffi’</span> <span class='ocrx_word' id='word_1_2' title='bbox 16 2992 18 2994; x_wconf 48' lang='lat'>&lt;</span> 
     </span>
    </p>
   </div>
   <div class='ocr_carea' id='block_1_2' title="bbox 432 146 2034 199">
    <p class='ocr_par' dir='ltr' id='par_1_2' title="bbox 432 146 2034 199">
     <span class='ocr_line' id='line_1_2' title="bbox 432 146 2034 199; baseline -0.001 -11"><span class='ocrx_word' id='word_1_3' title='bbox 432 151 469 188; x_wconf 85' lang='lat' dir='ltr'>G.</span> <span class='ocrx_word' id='word_1_4' title='bbox 496 151 693 195; x_wconf 77' lang='lat' dir='ltr'>Malatesta,</span> <span class='ocrx_word' id='word_1_5' title='bbox 719 151 856 199; x_wconf 85' lang='lat' dir='ltr'>Gregor</span> <span class='ocrx_word' id='word_1_6' title='bbox 878 151 963 190; x_wconf 86' lang='lat' dir='ltr'>XII.</span> <span class='ocrx_word' id='word_1_7' title='bbox 987 152 1059 187; x_wconf 86' lang='lat' dir='ltr'>und</span> <span class='ocrx_word' id='word_1_8' title='bbox 1087 151 1263 187; x_wconf 81' lang='lat' dir='ltr'>Benedikt</span> <span class='ocrx_word' id='word_1_9' title='bbox 1286 152 1386 190; x_wconf 89' lang='lat' dir='ltr'>XIII.</span> <span class='ocrx_word' id='word_1_10' title='bbox 1414 154 1660 190; x_wconf 83' lang='lat'>1410—1413.</span> <span class='ocrx_word' id='word_1_11' title='bbox 1687 154 1750 190; x_wconf 87' lang='lat' dir='ltr'>Nr.</span> <span class='ocrx_word' id='word_1_12' title='bbox 1778 155 1832 191; x_wconf 89' lang='lat'>13.</span> <span class='ocrx_word' id='word_1_13' title='bbox 1979 146 2034 188; x_wconf 83' lang='lat'>67</span> 
     </span>
    </p>
   </div>
   <div class='ocr_carea' id='block_1_3' title="bbox 170 260 2038 2814">
    <p class='ocr_par' dir='ltr' id='par_1_3' title="bbox 170 260 2038 2814">
     <span class='ocr_line' id='line_1_3' title="bbox 251 260 2038 316; baseline 0.001 -12"><span class='ocrx_word' id='word_1_14' title='bbox 251 263 347 304; x_wconf 91' lang='lat' dir='ltr'>tum</span> <span class='ocrx_word' id='word_1_15' title='bbox 380 262 449 304; x_wconf 89' lang='lat' dir='ltr'>est</span> <span class='ocrx_word' id='word_1_16' title='bbox 481 274 593 316; x_wconf 92' lang='lat' dir='ltr'>opus</span> <span class='ocrx_word' id='word_1_17' title='bbox 633 261 819 316; x_wconf 90' lang='lat' dir='ltr'>propter</span> <span class='ocrx_word' id='word_1_18' title='bbox 857 261 1164 314; x_wconf 71' lang='lat' dir='ltr'>occmrencia,</span> <span class='ocrx_word' id='word_1_19' title='bbox 1205 260 1447 303; x_wconf 85' lang='lat' dir='ltr'>necessitas</span> <span class='ocrx_word' id='word_1_20' title='bbox 1486 261 1618 304; x_wconf 91' lang='lat' dir='ltr'>michi</span> <span class='ocrx_word' id='word_1_21' title='bbox 1651 261 1746 305; x_wconf 90' lang='lat' dir='ltr'>visa</span> <span class='ocrx_word' id='word_1_22' title='bbox 1784 264 1850 305; x_wconf 91' lang='lat' dir='ltr'>est</span> <span class='ocrx_word' id='word_1_23' title='bbox 1882 263 2038 306; x_wconf 82' lang='lat' dir='ltr'>adesse</span> 
     </span>
     <span class='ocr_line' id='line_1_4' title="bbox 250 331 2036 387; baseline 0.001 -11"><span class='ocrx_word' id='word_1_24' title='bbox 250 335 355 387; x_wconf 91' lang='lat' dir='ltr'>post</span> <span class='ocrx_word' id='word_1_25' title='bbox 402 333 648 376; x_wconf 80' lang='lat' dir='ltr'>discessum</span> <span class='ocrx_word' id='word_1_26' title='bbox 696 333 886 387; x_wconf 73' lang='lat' dir='ltr'>predicti</span> <span class='ocrx_word' id='word_1_27' title='bbox 937 331 1106 374; x_wconf 87' lang='lat' dir='ltr'>domini</span> <span class='ocrx_word' id='word_1_28' title='bbox 1153 331 1449 386; x_wconf 87' lang='lat' dir='ltr'>Ferdinandi,</span> <span class='ocrx_word' id='word_1_29' title='bbox 1504 335 1556 376; x_wconf 91' lang='lat' dir='ltr'>ut</span> <span class='ocrx_word' id='word_1_30' title='bbox 1603 334 1757 387; x_wconf 85' lang='lat' dir='ltr'>pocius</span> <span class='ocrx_word' id='word_1_31' title='bbox 1804 334 2036 377; x_wconf 85' lang='lat' dir='ltr'>veritatem</span> 
     </span>
     <span class='ocr_line' id='line_1_5' title="bbox 251 402 2035 459; baseline 0.001 -12"><span class='ocrx_word' id='word_1_32' title='bbox 251 404 489 447; x_wconf 79' lang='lat' dir='ltr'>enunciare</span> <span class='ocrx_word' id='word_1_33' title='bbox 522 406 762 454; x_wconf 73' lang='lat' dir='ltr'>maturem,</span> <span class='ocrx_word' id='word_1_34' title='bbox 802 417 935 457; x_wconf 89' lang='lat' dir='ltr'>quam</span> <span class='ocrx_word' id='word_1_35' title='bbox 968 402 1168 446; x_wconf 84' lang='lat' dir='ltr'>veritatis</span> <span class='ocrx_word' id='word_1_36' title='bbox 1208 403 1470 457; x_wconf 88' lang='lat' dir='ltr'>probacioni</span> <span class='ocrx_word' id='word_1_37' title='bbox 1501 403 1715 447; x_wconf 78' lang='lat' dir='ltr'>insistens</span> <span class='ocrx_word' id='word_1_38' title='bbox 1756 406 1935 459; x_wconf 87' lang='lat' dir='ltr'>tempus</span> <span class='ocrx_word' id='word_1_39' title='bbox 1967 406 2035 448; x_wconf 92' lang='lat' dir='ltr'>in-</span> 
     </span>
     <span class='ocr_line' id='line_1_6' title="bbox 250 474 2033 532; baseline 0.001 -14"><span class='ocrx_word' id='word_1_40' title='bbox 250 476 507 530; x_wconf 84' lang='lat' dir='ltr'>dulgeatur,</span> <span class='ocrx_word' id='word_1_41' title='bbox 547 488 634 530; x_wconf 90' lang='lat' dir='ltr'>quo</span> <span class='ocrx_word' id='word_1_42' title='bbox 675 476 819 518; x_wconf 89' lang='lat' dir='ltr'>valeat</span> <span class='ocrx_word' id='word_1_43' title='bbox 859 474 1039 517; x_wconf 88' lang='lat' dir='ltr'>interim</span> <span class='ocrx_word' id='word_1_44' title='bbox 1079 474 1242 517; x_wconf 88' lang='lat' dir='ltr'>veritas</span> <span class='ocrx_word' id='word_1_45' title='bbox 1286 475 1555 529; x_wconf 86' lang='lat' dir='ltr'>conculcari,</span> <span class='ocrx_word' id='word_1_46' title='bbox 1593 476 1827 530; x_wconf 81' lang='lat' dir='ltr'>potissime</span> <span class='ocrx_word' id='word_1_47' title='bbox 1870 480 2033 532; x_wconf 86' lang='lat' dir='ltr'>autem,</span> 
     </span>
     <span class='ocr_line' id='line_1_7' title="bbox 209 545 2033 602; baseline 0.001 -12"><span class='ocrx_word' id='word_1_48' title='bbox 209 548 461 602; x_wconf 85' lang='lat' dir='ltr'>5quoniam</span> <span class='ocrx_word' id='word_1_49' title='bbox 510 555 638 592; x_wconf 83' lang='lat' dir='ltr'>caute</span> <span class='ocrx_word' id='word_1_50' title='bbox 686 547 976 600; x_wconf 80' lang='lat' dir='ltr'>prudenciam</span> <span class='ocrx_word' id='word_1_51' title='bbox 1025 545 1189 588; x_wconf 86' lang='lat' dir='ltr'>mentis</span> <span class='ocrx_word' id='word_1_52' title='bbox 1237 547 1376 589; x_wconf 87' lang='lat' dir='ltr'>latere</span> <span class='ocrx_word' id='word_1_53' title='bbox 1424 560 1514 588; x_wconf 90' lang='lat' dir='ltr'>non</span> <span class='ocrx_word' id='word_1_54' title='bbox 1553 549 1683 602; x_wconf 83' lang='lat' dir='ltr'>puto,</span> <span class='ocrx_word' id='word_1_55' title='bbox 1731 561 1833 590; x_wconf 89' lang='lat' dir='ltr'>cum</span> <span class='ocrx_word' id='word_1_56' title='bbox 1879 550 2033 592; x_wconf 92' lang='lat' dir='ltr'>modos</span> 
     </span>
     <span class='ocr_line' id='line_1_8' title="bbox 250 617 2034 674; baseline 0.001 -14"><span class='ocrx_word' id='word_1_57' title='bbox 250 617 614 673; x_wconf 78' lang='lat' dir='ltr'>circumspexerit</span> <span class='ocrx_word' id='word_1_58' title='bbox 646 618 759 669; x_wconf 83' lang='lat' dir='ltr'>illos,</span> <span class='ocrx_word' id='word_1_59' title='bbox 795 618 931 660; x_wconf 89' lang='lat' dir='ltr'>nichil</span> <span class='ocrx_word' id='word_1_60' title='bbox 964 617 1007 659; x_wconf 90' lang='lat' dir='ltr'>in</span> <span class='ocrx_word' id='word_1_61' title='bbox 1043 617 1106 659; x_wconf 92' lang='lat' dir='ltr'>eis</span> <span class='ocrx_word' id='word_1_62' title='bbox 1132 617 1272 671; x_wconf 87' lang='lat' dir='ltr'>queri,</span> <span class='ocrx_word' id='word_1_63' title='bbox 1296 618 1417 671; x_wconf 90' lang='lat' dir='ltr'>quod</span> <span class='ocrx_word' id='word_1_64' title='bbox 1449 618 1525 671; x_wconf 85' lang='lat' dir='ltr'>hii,</span> <span class='ocrx_word' id='word_1_65' title='bbox 1558 632 1584 661; x_wconf 89' lang='lat' dir='ltr'>a</span> <span class='ocrx_word' id='word_1_66' title='bbox 1607 618 1773 673; x_wconf 90' lang='lat' dir='ltr'>quibus</span> <span class='ocrx_word' id='word_1_67' title='bbox 1805 621 2034 674; x_wconf 86' lang='lat' dir='ltr'>petuntur,</span> 
     </span>
     <span class='ocr_line' id='line_1_9' title="bbox 248 689 2034 745; baseline 0.001 -13"><span class='ocrx_word' id='word_1_68' title='bbox 248 704 339 732; x_wconf 92' lang='lat' dir='ltr'>non</span> <span class='ocrx_word' id='word_1_69' title='bbox 372 692 538 745; x_wconf 80' lang='lat' dir='ltr'>queant</span> <span class='ocrx_word' id='word_1_70' title='bbox 570 689 826 732; x_wconf 82' lang='lat' dir='ltr'>execucioni</span> <span class='ocrx_word' id='word_1_71' title='bbox 860 690 1091 740; x_wconf 73' lang='lat' dir='ltr'>mandare,</span> <span class='ocrx_word' id='word_1_72' title='bbox 1135 689 1172 730; x_wconf 93' lang='lat' dir='ltr'>si</span> <span class='ocrx_word' id='word_1_73' title='bbox 1204 689 1449 742; x_wconf 87' lang='lat' dir='ltr'>voluerint,</span> <span class='ocrx_word' id='word_1_74' title='bbox 1490 703 1571 732; x_wconf 91' lang='lat' dir='ltr'>nec</span> <span class='ocrx_word' id='word_1_75' title='bbox 1604 691 1870 745; x_wconf 80' lang='lat' dir='ltr'>quidquam,</span> <span class='ocrx_word' id='word_1_76' title='bbox 1913 693 2034 745; x_wconf 89' lang='lat' dir='ltr'>quod</span> 
     </span>
     <span class='ocr_line' id='line_1_10' title="bbox 246 760 2033 817; baseline 0.001 -14"><span class='ocrx_word' id='word_1_77' title='bbox 246 762 465 804; x_wconf 77' lang='lat' dir='ltr'>voluntati</span> <span class='ocrx_word' id='word_1_78' title='bbox 498 761 635 804; x_wconf 87' lang='lat' dir='ltr'>nimia</span> <span class='ocrx_word' id='word_1_79' title='bbox 657 762 919 803; x_wconf 78' lang='lat' dir='ltr'>adversetur</span> <span class='ocrx_word' id='word_1_80' title='bbox 942 760 1225 815; x_wconf 90' lang='lat' dir='ltr'>opposicione</span> <span class='ocrx_word' id='word_1_81' title='bbox 1254 762 1330 802; x_wconf 91' lang='lat' dir='ltr'>aut</span> <span class='ocrx_word' id='word_1_82' title='bbox 1353 760 1628 803; x_wconf 87' lang='lat' dir='ltr'>difficultate.</span> <span class='ocrx_word' id='word_1_83' title='bbox 1677 763 1818 804; x_wconf 86' lang='lat' dir='ltr'>Versa</span> <span class='ocrx_word' id='word_1_84' title='bbox 1841 776 2033 817; x_wconf 85' lang='lat' dir='ltr'>namque</span> 
     </span>
     <span class='ocr_line' id='line_1_11' title="bbox 246 832 2031 888; baseline 0.001 -14"><span class='ocrx_word' id='word_1_85' title='bbox 246 832 341 875; x_wconf 87' lang='lat' dir='ltr'>vice</span> <span class='ocrx_word' id='word_1_86' title='bbox 373 833 581 885; x_wconf 79' lang='lat' dir='ltr'>affertur,</span> <span class='ocrx_word' id='word_1_87' title='bbox 622 833 743 887; x_wconf 87' lang='lat' dir='ltr'>quod</span> <span class='ocrx_word' id='word_1_88' title='bbox 774 832 964 886; x_wconf 70' lang='lat' dir='ltr'>petitur,</span> <span class='ocrx_word' id='word_1_89' title='bbox 1008 834 1248 886; x_wconf 89' lang='lat' dir='ltr'>propterea</span> <span class='ocrx_word' id='word_1_90' title='bbox 1291 833 1414 874; x_wconf 91' lang='lat' dir='ltr'>nulla</span> <span class='ocrx_word' id='word_1_91' title='bbox 1447 832 1622 875; x_wconf 83' lang='lat' dir='ltr'>racione</span> <span class='ocrx_word' id='word_1_92' title='bbox 1654 833 1942 888; x_wconf 74' lang='lat' dir='ltr'>impossibiles</span> <span class='ocrx_word' id='word_1_93' title='bbox 1977 835 2031 876; x_wconf 92' lang='lat' dir='ltr'>de</span> 
     </span>
     <span class='ocr_line' id='line_1_12' title="bbox 179 904 2030 960; baseline 0.001 -13"><span class='ocrx_word' id='word_1_94' title='bbox 179 905 233 947; x_wconf 88' lang='lat'>10</span> <span class='ocrx_word' id='word_1_95' title='bbox 247 905 364 947; x_wconf 84' lang='lat' dir='ltr'>facto</span> <span class='ocrx_word' id='word_1_96' title='bbox 397 907 501 947; x_wconf 88' lang='lat' dir='ltr'>sunt</span> <span class='ocrx_word' id='word_1_97' title='bbox 534 904 651 946; x_wconf 91' lang='lat' dir='ltr'>modi</span> <span class='ocrx_word' id='word_1_98' title='bbox 683 904 761 947; x_wconf 92' lang='lat' dir='ltr'>illi.</span> <span class='ocrx_word' id='word_1_99' title='bbox 811 904 1024 946; x_wconf 86' lang='lat' dir='ltr'>Similiter</span> <span class='ocrx_word' id='word_1_100' title='bbox 1057 917 1203 957; x_wconf 89' lang='lat' dir='ltr'>neque</span> <span class='ocrx_word' id='word_1_101' title='bbox 1237 904 1291 945; x_wconf 91' lang='lat' dir='ltr'>de</span> <span class='ocrx_word' id='word_1_102' title='bbox 1315 904 1423 946; x_wconf 89' lang='lat' dir='ltr'>iure.</span> <span class='ocrx_word' id='word_1_103' title='bbox 1472 905 1529 947; x_wconf 89' lang='lat' dir='ltr'>Et</span> <span class='ocrx_word' id='word_1_104' title='bbox 1562 906 1609 946; x_wconf 90' lang='lat' dir='ltr'>ut</span> <span class='ocrx_word' id='word_1_105' title='bbox 1643 918 1785 960; x_wconf 86' lang='lat' dir='ltr'>pauca</span> <span class='ocrx_word' id='word_1_106' title='bbox 1817 907 2030 960; x_wconf 88' lang='lat' dir='ltr'>ceterum,</span> 
     </span>
     <span class='ocr_line' id='line_1_13' title="bbox 246 975 2028 1032; baseline 0.001 -14"><span class='ocrx_word' id='word_1_107' title='bbox 246 989 333 1030; x_wconf 89' lang='lat' dir='ltr'>que</span> <span class='ocrx_word' id='word_1_108' title='bbox 367 975 546 1018; x_wconf 90' lang='lat' dir='ltr'>domino</span> <span class='ocrx_word' id='word_1_109' title='bbox 588 975 828 1018; x_wconf 84' lang='lat' dir='ltr'>auxiliante</span> <span class='ocrx_word' id='word_1_110' title='bbox 878 975 1082 1017; x_wconf 86' lang='lat' dir='ltr'>dicentur</span> <span class='ocrx_word' id='word_1_111' title='bbox 1121 976 1166 1016; x_wconf 90' lang='lat' dir='ltr'>et</span> <span class='ocrx_word' id='word_1_112' title='bbox 1206 988 1287 1029; x_wconf 89' lang='lat' dir='ltr'>per</span> <span class='ocrx_word' id='word_1_113' title='bbox 1328 975 1463 1018; x_wconf 92' lang='lat' dir='ltr'>alium</span> <span class='ocrx_word' id='word_1_114' title='bbox 1507 976 1720 1018; x_wconf 90' lang='lat' dir='ltr'>nuncium</span> <span class='ocrx_word' id='word_1_115' title='bbox 1760 977 2028 1032; x_wconf 85' lang='lat' dir='ltr'>deferentur,</span> 
     </span>
     <span class='ocr_line' id='line_1_14' title="bbox 245 1047 2033 1104; baseline 0.001 -15"><span class='ocrx_word' id='word_1_116' title='bbox 245 1047 547 1102; x_wconf 85' lang='lat' dir='ltr'>oportunitate</span> <span class='ocrx_word' id='word_1_117' title='bbox 595 1049 838 1102; x_wconf 84' lang='lat' dir='ltr'>preventus</span> <span class='ocrx_word' id='word_1_118' title='bbox 888 1047 1124 1103; x_wconf 84' lang='lat' dir='ltr'>preferam‚</span> <span class='ocrx_word' id='word_1_119' title='bbox 1174 1060 1264 1088; x_wconf 89' lang='lat' dir='ltr'>non</span> <span class='ocrx_word' id='word_1_120' title='bbox 1313 1047 1411 1089; x_wconf 90' lang='lat' dir='ltr'>dico</span> <span class='ocrx_word' id='word_1_121' title='bbox 1434 1049 1471 1104; x_wconf 77' lang='lat'>¹)</span> <span class='ocrx_word' id='word_1_122' title='bbox 1518 1048 1631 1089; x_wconf 64' lang='lat' dir='ltr'>&#39;duos</span> <span class='ocrx_word' id='word_1_123' title='bbox 1679 1049 1956 1091; x_wconf 88' lang='lat' dir='ltr'>adversarios</span> <span class='ocrx_word' id='word_1_124' title='bbox 1988 1049 2033 1091; x_wconf 89' lang='lat' dir='ltr'>in</span> 
     </span>
     <span class='ocr_line' id='line_1_15' title="bbox 244 1119 2033 1175; baseline 0 -13"><span class='ocrx_word' id='word_1_125' title='bbox 244 1121 411 1174; x_wconf 84' lang='lat' dir='ltr'>papatu</span> <span class='ocrx_word' id='word_1_126' title='bbox 446 1120 507 1161; x_wconf 87' lang='lat' dir='ltr'>sic</span> <span class='ocrx_word' id='word_1_127' title='bbox 542 1120 676 1161; x_wconf 91' lang='lat' dir='ltr'>rebus</span> <span class='ocrx_word' id='word_1_128' title='bbox 710 1119 932 1161; x_wconf 79' lang='lat' dir='ltr'>stantibus</span> <span class='ocrx_word' id='word_1_129' title='bbox 971 1132 1103 1173; x_wconf 89' lang='lat' dir='ltr'>posse</span> <span class='ocrx_word' id='word_1_130' title='bbox 1135 1119 1445 1161; x_wconf 86' lang='lat' dir='ltr'>execucionem</span> <span class='ocrx_word' id='word_1_131' title='bbox 1479 1119 1714 1172; x_wconf 88' lang='lat' dir='ltr'>potestatis</span> <span class='ocrx_word' id='word_1_132' title='bbox 1746 1134 1862 1174; x_wconf 89' lang='lat' dir='ltr'>pape</span> <span class='ocrx_word' id='word_1_133' title='bbox 1896 1120 2033 1175; x_wconf 76' lang='lat' dir='ltr'>magis</span> 
     </span>
     <span class='ocr_line' id='line_1_16' title="bbox 245 1190 2030 1245; baseline 0.001 -13"><span class='ocrx_word' id='word_1_134' title='bbox 245 1204 379 1244; x_wconf 89' lang='lat' dir='ltr'>quam</span> <span class='ocrx_word' id='word_1_135' title='bbox 414 1204 553 1232; x_wconf 91' lang='lat' dir='ltr'>unum</span> <span class='ocrx_word' id='word_1_136' title='bbox 585 1190 697 1232; x_wconf 88' lang='lat' dir='ltr'>forte</span> <span class='ocrx_word' id='word_1_137' title='bbox 729 1191 959 1245; x_wconf 85' lang='lat' dir='ltr'>impedire,</span> <span class='ocrx_word' id='word_1_138' title='bbox 993 1193 1062 1233; x_wconf 87' lang='lat' dir='ltr'>set</span> <span class='ocrx_word' id='word_1_139' title='bbox 1093 1191 1234 1245; x_wconf 90' lang='lat' dir='ltr'>ipsius</span> <span class='ocrx_word' id='word_1_140' title='bbox 1258 1190 1494 1245; x_wconf 82' lang='lat' dir='ltr'>potestatis</span> <span class='ocrx_word' id='word_1_141' title='bbox 1525 1203 1641 1245; x_wconf 91' lang='lat' dir='ltr'>pape</span> <span class='ocrx_word' id='word_1_142' title='bbox 1674 1191 2030 1234; x_wconf 84' lang='lat' dir='ltr'>iurisdictionem</span> 
     </span>
     <span class='ocr_line' id='line_1_17' title="bbox 179 1262 2031 1317; baseline 0.001 -12"><span class='ocrx_word' id='word_1_143' title='bbox 179 1264 228 1305; x_wconf 83' lang='lat'>15</span> <span class='ocrx_word' id='word_1_144' title='bbox 252 1263 338 1304; x_wconf 91' lang='lat' dir='ltr'>duo</span> <span class='ocrx_word' id='word_1_145' title='bbox 377 1262 516 1316; x_wconf 85' lang='lat' dir='ltr'>magis</span> <span class='ocrx_word' id='word_1_146' title='bbox 560 1277 694 1316; x_wconf 86' lang='lat' dir='ltr'>quam</span> <span class='ocrx_word' id='word_1_147' title='bbox 737 1276 854 1304; x_wconf 87' lang='lat' dir='ltr'>unus</span> <span class='ocrx_word' id='word_1_148' title='bbox 888 1277 977 1305; x_wconf 90' lang='lat' dir='ltr'>non</span> <span class='ocrx_word' id='word_1_149' title='bbox 1010 1265 1201 1316; x_wconf 85' lang='lat' dir='ltr'>possunt</span> <span class='ocrx_word' id='word_1_150' title='bbox 1234 1263 1390 1305; x_wconf 84' lang='lat' dir='ltr'>tollere</span> <span class='ocrx_word' id='word_1_151' title='bbox 1429 1276 1524 1315; x_wconf 84' lang='lat' dir='ltr'>nec,</span> <span class='ocrx_word' id='word_1_152' title='bbox 1555 1264 1676 1317; x_wconf 90' lang='lat' dir='ltr'>quod</span> <span class='ocrx_word' id='word_1_153' title='bbox 1718 1263 1908 1317; x_wconf 89' lang='lat' dir='ltr'>amplius</span> <span class='ocrx_word' id='word_1_154' title='bbox 1951 1266 2031 1317; x_wconf 86' lang='lat' dir='ltr'>est,</span> 
     </span>
     <span class='ocr_line' id='line_1_18' title="bbox 249 1334 2031 1390; baseline 0.001 -15"><span class='ocrx_word' id='word_1_155' title='bbox 249 1334 466 1376; x_wconf 91' lang='lat' dir='ltr'>minuere.</span> <span class='ocrx_word' id='word_1_156' title='bbox 532 1335 742 1376; x_wconf 87' lang='lat' dir='ltr'>Preterea</span> <span class='ocrx_word' id='word_1_157' title='bbox 776 1334 935 1387; x_wconf 85' lang='lat' dir='ltr'>saieor‚</span> <span class='ocrx_word' id='word_1_158' title='bbox 977 1336 1095 1388; x_wconf 90' lang='lat' dir='ltr'>quod</span> <span class='ocrx_word' id='word_1_159' title='bbox 1135 1335 1180 1376; x_wconf 90' lang='lat' dir='ltr'>in</span> <span class='ocrx_word' id='word_1_160' title='bbox 1221 1335 1374 1377; x_wconf 88' lang='lat' dir='ltr'>multis</span> <span class='ocrx_word' id='word_1_161' title='bbox 1412 1336 1562 1388; x_wconf 90' lang='lat' dir='ltr'>potest</span> <span class='ocrx_word' id='word_1_162' title='bbox 1599 1349 1716 1390; x_wconf 89' lang='lat' dir='ltr'>papa</span> <span class='ocrx_word' id='word_1_163' title='bbox 1755 1335 2031 1390; x_wconf 78' lang='lat' dir='ltr'>dispensare,</span> 
     </span>
     <span class='ocr_line' id='line_1_19' title="bbox 246 1405 2032 1461; baseline 0.001 -14"><span class='ocrx_word' id='word_1_164' title='bbox 246 1405 293 1447; x_wconf 92' lang='lat' dir='ltr'>in</span> <span class='ocrx_word' id='word_1_165' title='bbox 326 1405 488 1459; x_wconf 89' lang='lat' dir='ltr'>quibus</span> <span class='ocrx_word' id='word_1_166' title='bbox 513 1406 669 1447; x_wconf 89' lang='lat' dir='ltr'>saltem</span> <span class='ocrx_word' id='word_1_167' title='bbox 704 1419 793 1448; x_wconf 86' lang='lat' dir='ltr'>non</span> <span class='ocrx_word' id='word_1_168' title='bbox 825 1407 1010 1448; x_wconf 82' lang='lat' dir='ltr'>vacante</span> <span class='ocrx_word' id='word_1_169' title='bbox 1044 1408 1148 1448; x_wconf 86' lang='lat' dir='ltr'>sede</span> <span class='ocrx_word' id='word_1_170' title='bbox 1171 1407 1414 1461; x_wconf 88' lang='lat' dir='ltr'>apostolica</span> <span class='ocrx_word' id='word_1_171' title='bbox 1445 1409 1594 1449; x_wconf 89' lang='lat' dir='ltr'>cetera</span> <span class='ocrx_word' id='word_1_172' title='bbox 1626 1407 1810 1449; x_wconf 90' lang='lat' dir='ltr'>ecclesie</span> <span class='ocrx_word' id='word_1_173' title='bbox 1834 1408 2032 1449; x_wconf 89' lang='lat' dir='ltr'>membra</span> 
     </span>
     <span class='ocr_line' id='line_1_20' title="bbox 248 1477 2030 1532; baseline 0.002 -15"><span class='ocrx_word' id='word_1_174' title='bbox 248 1490 337 1518; x_wconf 93' lang='lat' dir='ltr'>non</span> <span class='ocrx_word' id='word_1_175' title='bbox 370 1478 570 1530; x_wconf 87' lang='lat' dir='ltr'>possunt.</span> <span class='ocrx_word' id='word_1_176' title='bbox 636 1477 823 1530; x_wconf 88' lang='lat' dir='ltr'>Insuper</span> <span class='ocrx_word' id='word_1_177' title='bbox 855 1478 975 1530; x_wconf 89' lang='lat' dir='ltr'>quod</span> <span class='ocrx_word' id='word_1_178' title='bbox 1023 1491 1124 1520; x_wconf 91' lang='lat' dir='ltr'>cum</span> <span class='ocrx_word' id='word_1_179' title='bbox 1159 1491 1245 1520; x_wconf 91' lang='lat' dir='ltr'>uno</span> <span class='ocrx_word' id='word_1_180' title='bbox 1288 1477 1538 1519; x_wconf 87' lang='lat' dir='ltr'>scismatico</span> <span class='ocrx_word' id='word_1_181' title='bbox 1570 1480 1719 1531; x_wconf 89' lang='lat' dir='ltr'>potest</span> <span class='ocrx_word' id='word_1_182' title='bbox 1753 1478 2030 1532; x_wconf 83' lang='lat' dir='ltr'>dispensare,</span> 
     </span>
     <span class='ocr_line' id='line_1_21' title="bbox 246 1547 2029 1603; baseline 0.001 -14"><span class='ocrx_word' id='word_1_183' title='bbox 246 1550 290 1589; x_wconf 88' lang='lat' dir='ltr'>et</span> <span class='ocrx_word' id='word_1_184' title='bbox 321 1547 523 1590; x_wconf 90' lang='lat' dir='ltr'>similiter</span> <span class='ocrx_word' id='word_1_185' title='bbox 556 1562 655 1590; x_wconf 90' lang='lat' dir='ltr'>cum</span> <span class='ocrx_word' id='word_1_186' title='bbox 679 1548 896 1602; x_wconf 88' lang='lat' dir='ltr'>pluribus.</span> <span class='ocrx_word' id='word_1_187' title='bbox 947 1549 1114 1590; x_wconf 90' lang='lat' dir='ltr'>Iterum</span> <span class='ocrx_word' id='word_1_188' title='bbox 1147 1549 1453 1603; x_wconf 85' lang='lat' dir='ltr'>impenitentis</span> <span class='ocrx_word' id='word_1_189' title='bbox 1487 1551 1624 1600; x_wconf 77' lang='lat' dir='ltr'>actus,</span> <span class='ocrx_word' id='word_1_190' title='bbox 1659 1550 1763 1591; x_wconf 90' lang='lat' dir='ltr'>licet</span> <span class='ocrx_word' id='word_1_191' title='bbox 1797 1563 2029 1603; x_wconf 88' lang='lat' dir='ltr'>nunquam</span> 
     </span>
     <span class='ocr_line' id='line_1_22' title="bbox 174 1618 2028 1674; baseline 0.001 -13"><span class='ocrx_word' id='word_1_192' title='bbox 174 1621 230 1662; x_wconf 71' lang='lat'>20</span> <span class='ocrx_word' id='word_1_193' title='bbox 246 1621 471 1660; x_wconf 81' lang='lat' dir='ltr'>mereatur</span> <span class='ocrx_word' id='word_1_194' title='bbox 508 1619 595 1672; x_wconf 90' lang='lat' dir='ltr'>ipsi</span> <span class='ocrx_word' id='word_1_195' title='bbox 628 1618 909 1672; x_wconf 89' lang='lat' dir='ltr'>impenitenti</span> <span class='ocrx_word' id='word_1_196' title='bbox 949 1621 1094 1661; x_wconf 86' lang='lat' dir='ltr'>stante</span> <span class='ocrx_word' id='word_1_197' title='bbox 1133 1619 1447 1674; x_wconf 85' lang='lat' dir='ltr'>impenitencia</span> <span class='ocrx_word' id='word_1_198' title='bbox 1479 1620 1691 1672; x_wconf 87' lang='lat' dir='ltr'>salutem,</span> <span class='ocrx_word' id='word_1_199' title='bbox 1733 1622 1883 1662; x_wconf 87' lang='lat' dir='ltr'>tamen</span> <span class='ocrx_word' id='word_1_200' title='bbox 1917 1635 2028 1663; x_wconf 89' lang='lat' dir='ltr'>non-</span> 
     </span>
     <span class='ocr_line' id='line_1_23' title="bbox 247 1690 2030 1745; baseline 0.002 -15"><span class='ocrx_word' id='word_1_201' title='bbox 247 1703 477 1744; x_wconf 89' lang='lat' dir='ltr'>nunquam</span> <span class='ocrx_word' id='word_1_202' title='bbox 514 1691 820 1732; x_wconf 85' lang='lat' dir='ltr'>auctoritatem</span> <span class='ocrx_word' id='word_1_203' title='bbox 865 1691 998 1732; x_wconf 85' lang='lat' dir='ltr'>habet</span> <span class='ocrx_word' id='word_1_204' title='bbox 1037 1690 1217 1744; x_wconf 84' lang='lat' dir='ltr'>legitimi</span> <span class='ocrx_word' id='word_1_205' title='bbox 1259 1691 1397 1732; x_wconf 85' lang='lat' dir='ltr'>actus.</span> <span class='ocrx_word' id='word_1_206' title='bbox 1463 1691 1540 1732; x_wconf 83' lang='lat' dir='ltr'>Set</span> <span class='ocrx_word' id='word_1_207' title='bbox 1579 1704 1659 1732; x_wconf 92' lang='lat' dir='ltr'>nec</span> <span class='ocrx_word' id='word_1_208' title='bbox 1699 1691 1797 1732; x_wconf 90' lang='lat' dir='ltr'>istis</span> <span class='ocrx_word' id='word_1_209' title='bbox 1838 1692 2030 1745; x_wconf 86' lang='lat' dir='ltr'>amplius</span> 
     </span>
     <span class='ocr_line' id='line_1_24' title="bbox 244 1760 2029 1816; baseline 0.002 -15"><span class='ocrx_word' id='word_1_210' title='bbox 244 1760 469 1802; x_wconf 85' lang='lat' dir='ltr'>immorari</span> <span class='ocrx_word' id='word_1_211' title='bbox 513 1760 688 1802; x_wconf 83' lang='lat' dir='ltr'>videtur</span> <span class='ocrx_word' id='word_1_212' title='bbox 728 1774 952 1815; x_wconf 68' lang='lat' dir='ltr'>pronum,</span> <span class='ocrx_word' id='word_1_213' title='bbox 993 1763 1060 1802; x_wconf 82' lang='lat' dir='ltr'>set</span> <span class='ocrx_word' id='word_1_214' title='bbox 1099 1763 1154 1803; x_wconf 87' lang='lat' dir='ltr'>ad</span> <span class='ocrx_word' id='word_1_215' title='bbox 1186 1763 1363 1816; x_wconf 88' lang='lat' dir='ltr'>tempus</span> <span class='ocrx_word' id='word_1_216' title='bbox 1397 1761 1705 1803; x_wconf 87' lang='lat' dir='ltr'>redimendum</span> <span class='ocrx_word' id='word_1_217' title='bbox 1743 1764 2029 1816; x_wconf 85' lang='lat' dir='ltr'>pertransire.</span> 
     </span>
     <span class='ocr_line' id='line_1_25' title="bbox 243 1831 2027 1887; baseline 0.002 -14"><span class='ocrx_word' id='word_1_218' title='bbox 243 1831 440 1885; x_wconf 85' lang='lat' dir='ltr'>Experta</span> <span class='ocrx_word' id='word_1_219' title='bbox 480 1834 546 1873; x_wconf 90' lang='lat' dir='ltr'>est</span> <span class='ocrx_word' id='word_1_220' title='bbox 589 1832 837 1874; x_wconf 84' lang='lat' dir='ltr'>sublimitas</span> <span class='ocrx_word' id='word_1_221' title='bbox 871 1835 1020 1874; x_wconf 87' lang='lat' dir='ltr'>vestra</span> <span class='ocrx_word' id='word_1_222' title='bbox 1060 1833 1159 1874; x_wconf 85' lang='lat' dir='ltr'>duri</span> <span class='ocrx_word' id='word_1_223' title='bbox 1200 1832 1445 1875; x_wconf 83' lang='lat' dir='ltr'>adversarii</span> <span class='ocrx_word' id='word_1_224' title='bbox 1492 1846 1766 1887; x_wconf 89' lang='lat' dir='ltr'>suorumque</span> <span class='ocrx_word' id='word_1_225' title='bbox 1805 1835 2027 1876; x_wconf 88' lang='lat' dir='ltr'>fautorum</span> 
     </span>
     <span class='ocr_line' id='line_1_26' title="bbox 243 1903 2027 1958; baseline 0.002 -15"><span class='ocrx_word' id='word_1_226' title='bbox 243 1915 328 1944; x_wconf 92' lang='lat' dir='ltr'>non</span> <span class='ocrx_word' id='word_1_227' title='bbox 370 1915 526 1956; x_wconf 88' lang='lat' dir='ltr'>parum</span> <span class='ocrx_word' id='word_1_228' title='bbox 571 1903 710 1945; x_wconf 89' lang='lat' dir='ltr'>fuisse</span> <span class='ocrx_word' id='word_1_229' title='bbox 754 1903 1084 1945; x_wconf 87' lang='lat' dir='ltr'>incommodum</span> <span class='ocrx_word' id='word_1_230' title='bbox 1123 1905 1322 1945; x_wconf 88' lang='lat' dir='ltr'>animum</span> <span class='ocrx_word' id='word_1_231' title='bbox 1355 1918 1457 1946; x_wconf 89' lang='lat' dir='ltr'>vere</span> <span class='ocrx_word' id='word_1_232' title='bbox 1501 1903 1640 1958; x_wconf 90' lang='lat' dir='ltr'>quieti</span> <span class='ocrx_word' id='word_1_233' title='bbox 1680 1907 1832 1947; x_wconf 88' lang='lat' dir='ltr'>sancte</span> <span class='ocrx_word' id='word_1_234' title='bbox 1872 1907 2027 1947; x_wconf 85' lang='lat' dir='ltr'>matris</span> 
     </span>
     <span class='ocr_line' id='line_1_27' title="bbox 171 1974 2028 2031; baseline 0.001 -14"><span class='ocrx_word' id='word_1_235' title='bbox 171 1977 225 2017; x_wconf 71' lang='lat'>25</span> <span class='ocrx_word' id='word_1_236' title='bbox 243 1974 425 2016; x_wconf 91' lang='lat' dir='ltr'>ecslesie</span> <span class='ocrx_word' id='word_1_237' title='bbox 478 1976 520 2015; x_wconf 89' lang='lat' dir='ltr'>et</span> <span class='ocrx_word' id='word_1_238' title='bbox 563 1974 804 2016; x_wconf 84' lang='lat' dir='ltr'>christiane</span> <span class='ocrx_word' id='word_1_239' title='bbox 844 1975 1068 2027; x_wconf 68' lang='lat' dir='ltr'>religionis</span> <span class='ocrx_word' id='word_1_240' title='bbox 1108 1976 1461 2029; x_wconf 84' lang='lat' dir='ltr'>reintegracioni.</span> <span class='ocrx_word' id='word_1_241' title='bbox 1535 1976 1665 2024; x_wconf 87' lang='lat' dir='ltr'>Nunc</span> <span class='ocrx_word' id='word_1_242' title='bbox 1704 1990 1826 2030; x_wconf 73' lang='lat' dir='ltr'>vem,</span> <span class='ocrx_word' id='word_1_243' title='bbox 1870 1978 2028 2031; x_wconf 84' lang='lat' dir='ltr'>quovis</span> 
     </span>
     <span class='ocr_line' id='line_1_28' title="bbox 243 2046 2025 2102; baseline 0.002 -15"><span class='ocrx_word' id='word_1_244' title='bbox 243 2049 506 2088; x_wconf 88' lang='lat' dir='ltr'>moveantur</span> <span class='ocrx_word' id='word_1_245' title='bbox 540 2046 719 2101; x_wconf 70' lang='lat' dir='ltr'>spiritu,</span> <span class='ocrx_word' id='word_1_246' title='bbox 759 2046 994 2088; x_wconf 88' lang='lat' dir='ltr'>concilium</span> <span class='ocrx_word' id='word_1_247' title='bbox 1032 2047 1087 2088; x_wconf 89' lang='lat' dir='ltr'>ab</span> <span class='ocrx_word' id='word_1_248' title='bbox 1121 2060 1172 2089; x_wconf 94' lang='lat' dir='ltr'>eo</span> <span class='ocrx_word' id='word_1_249' title='bbox 1211 2049 1370 2101; x_wconf 87' lang='lat' dir='ltr'>petunt</span> <span class='ocrx_word' id='word_1_250' title='bbox 1403 2047 1557 2089; x_wconf 87' lang='lat' dir='ltr'>Gallici</span> <span class='ocrx_word' id='word_1_251' title='bbox 1571 2048 1607 2102; x_wconf 76' lang='lat'>1)</span> <span class='ocrx_word' id='word_1_252' title='bbox 1639 2049 1685 2089; x_wconf 89' lang='lat' dir='ltr'>in</span> <span class='ocrx_word' id='word_1_253' title='bbox 1724 2048 1819 2090; x_wconf 93' lang='lat' dir='ltr'>loco</span> <span class='ocrx_word' id='word_1_254' title='bbox 1853 2051 1948 2091; x_wconf 89' lang='lat' dir='ltr'>tuto</span> <span class='ocrx_word' id='word_1_255' title='bbox 1983 2051 2025 2090; x_wconf 90' lang='lat' dir='ltr'>et</span> 
     </span>
     <span class='ocr_line' id='line_1_29' title="bbox 242 2116 2026 2173; baseline 0.003 -16"><span class='ocrx_word' id='word_1_256' title='bbox 242 2129 435 2170; x_wconf 83' lang='lat' dir='ltr'>congruo</span> <span class='ocrx_word' id='word_1_257' title='bbox 482 2116 600 2170; x_wconf 83' lang='lat' dir='ltr'>fieri,</span> <span class='ocrx_word' id='word_1_258' title='bbox 649 2118 724 2159; x_wconf 90' lang='lat' dir='ltr'>ubi</span> <span class='ocrx_word' id='word_1_259' title='bbox 773 2131 929 2160; x_wconf 84' lang='lat' dir='ltr'>omnes</span> <span class='ocrx_word' id='word_1_260' title='bbox 978 2118 1140 2171; x_wconf 82' lang='lat' dir='ltr'>prelati</span> <span class='ocrx_word' id='word_1_261' title='bbox 1188 2121 1232 2160; x_wconf 87' lang='lat' dir='ltr'>et</span> <span class='ocrx_word' id='word_1_262' title='bbox 1280 2118 1504 2173; x_wconf 88' lang='lat' dir='ltr'>principes</span> <span class='ocrx_word' id='word_1_263' title='bbox 1547 2119 1725 2162; x_wconf 86' lang='lat' dir='ltr'>valeant</span> <span class='ocrx_word' id='word_1_264' title='bbox 1774 2120 2026 2173; x_wconf 72' lang='lat' dir='ltr'>convenire,</span> 
     </span>
     <span class='ocr_line' id='line_1_30' title="bbox 242 2187 2028 2245; baseline 0.002 -16"><span class='ocrx_word' id='word_1_265' title='bbox 242 2188 381 2231; x_wconf 89' lang='lat' dir='ltr'>eciam</span> <span class='ocrx_word' id='word_1_266' title='bbox 426 2189 605 2231; x_wconf 88' lang='lat' dir='ltr'>domino</span> <span class='ocrx_word' id='word_1_267' title='bbox 638 2187 895 2245; x_wconf 70' lang='lat' dir='ltr'>Gregoriob)</span> <span class='ocrx_word' id='word_1_268' title='bbox 944 2191 987 2231; x_wconf 88' lang='lat' dir='ltr'>et</span> <span class='ocrx_word' id='word_1_269' title='bbox 1018 2191 1167 2232; x_wconf 86' lang='lat' dir='ltr'>vestra</span> <span class='ocrx_word' id='word_1_270' title='bbox 1199 2191 1464 2242; x_wconf 67' lang='lat' dir='ltr'>clemencia,</span> <span class='ocrx_word' id='word_1_271' title='bbox 1498 2190 1535 2231; x_wconf 90' lang='lat' dir='ltr'>si</span> <span class='ocrx_word' id='word_1_272' title='bbox 1567 2191 1818 2243; x_wconf 81' lang='lat' dir='ltr'>volueritis3</span> <span class='ocrx_word' id='word_1_273' title='bbox 1867 2194 2028 2245; x_wconf 87' lang='lat' dir='ltr'>petunt</span> 
     </span>
     <span class='ocr_line' id='line_1_31' title="bbox 242 2259 2025 2306; baseline 0.003 -5"><span class='ocrx_word' id='word_1_274' title='bbox 242 2259 471 2302; x_wconf 87' lang='lat' dir='ltr'>reformari</span> <span class='ocrx_word' id='word_1_275' title='bbox 510 2261 556 2302; x_wconf 89' lang='lat' dir='ltr'>in</span> <span class='ocrx_word' id='word_1_276' title='bbox 590 2261 787 2303; x_wconf 87' lang='lat' dir='ltr'>moribus</span> <span class='ocrx_word' id='word_1_277' title='bbox 835 2261 1080 2303; x_wconf 78' lang='lat' dir='ltr'>ecclesiam.</span> <span class='ocrx_word' id='word_1_278' title='bbox 1157 2262 1408 2304; x_wconf 84' lang='lat' dir='ltr'>Reformari</span> <span class='ocrx_word' id='word_1_279' title='bbox 1455 2263 1686 2305; x_wconf 81' lang='lat' dir='ltr'>eeclesiam</span> <span class='ocrx_word' id='word_1_280' title='bbox 1735 2264 1782 2305; x_wconf 90' lang='lat' dir='ltr'>in</span> <span class='ocrx_word' id='word_1_281' title='bbox 1831 2265 2025 2306; x_wconf 89' lang='lat' dir='ltr'>moribus</span> 
     </span>
     <span class='ocr_line' id='line_1_32' title="bbox 170 2332 2025 2388; baseline 0.001 -14"><span class='ocrx_word' id='word_1_282' title='bbox 170 2332 226 2374; x_wconf 86' lang='lat'>30</span> <span class='ocrx_word' id='word_1_283' title='bbox 243 2333 434 2373; x_wconf 87' lang='lat' dir='ltr'>vestram</span> <span class='ocrx_word' id='word_1_284' title='bbox 473 2334 628 2386; x_wconf 86' lang='lat' dir='ltr'>optare</span> <span class='ocrx_word' id='word_1_285' title='bbox 662 2333 948 2374; x_wconf 83' lang='lat' dir='ltr'>clemenciam</span> <span class='ocrx_word' id='word_1_286' title='bbox 982 2332 1153 2384; x_wconf 80' lang='lat' dir='ltr'>audivi,</span> <span class='ocrx_word' id='word_1_287' title='bbox 1193 2334 1310 2386; x_wconf 90' lang='lat' dir='ltr'>quod</span> <span class='ocrx_word' id='word_1_288' title='bbox 1350 2333 1467 2375; x_wconf 88' lang='lat' dir='ltr'>idem</span> <span class='ocrx_word' id='word_1_289' title='bbox 1508 2334 1735 2376; x_wconf 87' lang='lat' dir='ltr'>dominum</span> <span class='ocrx_word' id='word_1_290' title='bbox 1770 2334 2025 2388; x_wconf 83' lang='lat' dir='ltr'>Gregorium</span> 
     </span>
     <span class='ocr_line' id='line_1_33' title="bbox 244 2403 2025 2459; baseline 0.003 -18"><span class='ocrx_word' id='word_1_291' title='bbox 244 2404 400 2455; x_wconf 74' lang='lat' dir='ltr'>optare</span> <span class='ocrx_word' id='word_1_292' title='bbox 441 2403 628 2446; x_wconf 85' lang='lat' dir='ltr'>firmiter</span> <span class='ocrx_word' id='word_1_293' title='bbox 673 2405 818 2447; x_wconf 89' lang='lat' dir='ltr'>credo.</span> <span class='ocrx_word' id='word_1_294' title='bbox 883 2405 934 2446; x_wconf 90' lang='lat' dir='ltr'>In</span> <span class='ocrx_word' id='word_1_295' title='bbox 972 2405 1055 2446; x_wconf 91' lang='lat' dir='ltr'>hoc</span> <span class='ocrx_word' id='word_1_296' title='bbox 1096 2404 1229 2457; x_wconf 73' lang='lat' dir='ltr'>igitur</span> <span class='ocrx_word' id='word_1_297' title='bbox 1268 2404 1496 2459; x_wconf 86' lang='lat' dir='ltr'>proposito</span> <span class='ocrx_word' id='word_1_298' title='bbox 1537 2405 1746 2447; x_wconf 84' lang='lat' dir='ltr'>videntur</span> <span class='ocrx_word' id='word_1_299' title='bbox 1787 2407 2025 2447; x_wconf 81' lang='lat' dir='ltr'>convenire</span> 
     </span>
     <span class='ocr_line' id='line_1_34' title="bbox 241 2474 2024 2529; baseline 0.001 -14"><span class='ocrx_word' id='word_1_300' title='bbox 241 2486 342 2515; x_wconf 84' lang='lat' dir='ltr'>curn</span> <span class='ocrx_word' id='word_1_301' title='bbox 364 2474 490 2517; x_wconf 83' lang='lat' dir='ltr'>vobis</span> <span class='ocrx_word' id='word_1_302' title='bbox 524 2476 700 2517; x_wconf 89' lang='lat' dir='ltr'>duobus</span> <span class='ocrx_word' id='word_1_303' title='bbox 727 2475 958 2517; x_wconf 87' lang='lat' dir='ltr'>fortissimi</span> <span class='ocrx_word' id='word_1_304' title='bbox 982 2476 1353 2518; x_wconf 87' lang='lat' dir='ltr'>adversariorum.</span> <span class='ocrx_word' id='word_1_305' title='bbox 1403 2476 1590 2518; x_wconf 90' lang='lat' dir='ltr'>Videtur</span> <span class='ocrx_word' id='word_1_306' title='bbox 1615 2476 1792 2518; x_wconf 88' lang='lat' dir='ltr'>domino</span> <span class='ocrx_word' id='word_1_307' title='bbox 1817 2476 2024 2529; x_wconf 83' lang='lat' dir='ltr'>Gregorio</span> 
     </span>
     <span class='ocr_line' id='line_1_35' title="bbox 241 2546 2021 2600; baseline 0.001 -13"><span class='ocrx_word' id='word_1_308' title='bbox 241 2546 497 2599; x_wconf 79' lang='lat' dir='ltr'>congregari</span> <span class='ocrx_word' id='word_1_309' title='bbox 520 2546 849 2589; x_wconf 87' lang='lat' dir='ltr'>universitatem</span> <span class='ocrx_word' id='word_1_310' title='bbox 871 2547 1189 2589; x_wconf 86' lang='lat' dir='ltr'>christinorum</span> <span class='ocrx_word' id='word_1_311' title='bbox 1210 2560 1290 2600; x_wconf 90' lang='lat' dir='ltr'>pro</span> <span class='ocrx_word' id='word_1_312' title='bbox 1308 2560 1412 2588; x_wconf 84' lang='lat' dir='ltr'>vera</span> <span class='ocrx_word' id='word_1_313' title='bbox 1430 2547 1782 2600; x_wconf 83' lang='lat' dir='ltr'>reintegracione</span> <span class='ocrx_word' id='word_1_314' title='bbox 1807 2547 2021 2590; x_wconf 89' lang='lat' dir='ltr'>facienda.</span> 
     </span>
     <span class='ocr_line' id='line_1_36' title="bbox 240 2617 2023 2674; baseline 0.001 -17"><span class='ocrx_word' id='word_1_315' title='bbox 240 2617 357 2658; x_wconf 92' lang='lat' dir='ltr'>Modi</span> <span class='ocrx_word' id='word_1_316' title='bbox 390 2617 681 2671; x_wconf 87' lang='lat' dir='ltr'>racionesque</span> <span class='ocrx_word' id='word_1_317' title='bbox 713 2618 1035 2661; x_wconf 88' lang='lat' dir='ltr'>substanciales</span> <span class='ocrx_word' id='word_1_318' title='bbox 1067 2618 1113 2660; x_wconf 90' lang='lat' dir='ltr'>in</span> <span class='ocrx_word' id='word_1_319' title='bbox 1147 2618 1353 2671; x_wconf 88' lang='lat' dir='ltr'>capitulis</span> <span class='ocrx_word' id='word_1_320' title='bbox 1387 2618 1489 2659; x_wconf 85' lang='lat' dir='ltr'>huic</span> <span class='ocrx_word' id='word_1_321' title='bbox 1521 2617 1706 2659; x_wconf 81' lang='lat' dir='ltr'>annexis</span> <span class='ocrx_word' id='word_1_322' title='bbox 1739 2620 1967 2672; x_wconf 88' lang='lat' dir='ltr'>apparent.</span> <span class='ocrx_word' id='word_1_323' title='bbox 1985 2617 2023 2674; x_wconf 73' lang='grc'>2)</span> 
     </span>
     <span class='ocr_line' id='line_1_37' title="bbox 170 2688 2019 2742; baseline 0.001 -13"><span class='ocrx_word' id='word_1_324' title='bbox 170 2688 225 2730; x_wconf 87' lang='lat'>35</span> <span class='ocrx_word' id='word_1_325' title='bbox 360 2689 516 2742; x_wconf 88' lang='lat' dir='ltr'>Itaque</span> <span class='ocrx_word' id='word_1_326' title='bbox 549 2702 636 2731; x_wconf 85' lang='lat' dir='ltr'>non</span> <span class='ocrx_word' id='word_1_327' title='bbox 671 2689 718 2730; x_wconf 87' lang='lat' dir='ltr'>in</span> <span class='ocrx_word' id='word_1_328' title='bbox 751 2702 798 2730; x_wconf 89' lang='lat' dir='ltr'>re</span> <span class='ocrx_word' id='word_1_329' title='bbox 833 2689 1055 2733; x_wconf 82' lang='lat' dir='ltr'>discordia</span> <span class='ocrx_word' id='word_1_330' title='bbox 1085 2689 1273 2741; x_wconf 65' lang='lat' dir='ltr'>videtur7</span> <span class='ocrx_word' id='word_1_331' title='bbox 1307 2689 1344 2730; x_wconf 93' lang='lat' dir='ltr'>si</span> <span class='ocrx_word' id='word_1_332' title='bbox 1375 2689 1529 2741; x_wconf 83' lang='lat' dir='ltr'>fuerit,</span> <span class='ocrx_word' id='word_1_333' title='bbox 1562 2689 1609 2731; x_wconf 89' lang='lat' dir='ltr'>in</span> <span class='ocrx_word' id='word_1_334' title='bbox 1642 2690 1784 2731; x_wconf 91' lang='lat' dir='ltr'>modis</span> <span class='ocrx_word' id='word_1_335' title='bbox 1818 2690 2019 2732; x_wconf 64' lang='lat' dir='ltr'>varietus</span> 
     </span>
     <span class='ocr_line' id='line_1_38' title="bbox 242 2752 2021 2814; baseline 0 -14"><span class='ocrx_word' id='word_1_336' title='bbox 242 2758 335 2800; x_wconf 89' lang='lat' dir='ltr'>Iam</span> <span class='ocrx_word' id='word_1_337' title='bbox 372 2759 460 2801; x_wconf 90' lang='lat' dir='ltr'>iam</span> <span class='ocrx_word' id='word_1_338' title='bbox 503 2759 549 2801; x_wconf 91' lang='lat' dir='ltr'>in</span> <span class='ocrx_word' id='word_1_339' title='bbox 591 2760 796 2814; x_wconf 82' lang='lat' dir='ltr'>pluribus</span> <span class='ocrx_word' id='word_1_340' title='bbox 844 2752 1061 2802; x_wconf 81' lang='lat' dir='ltr'>simbolus</span> <span class='ocrx_word' id='word_1_341' title='bbox 1109 2761 1237 2802; x_wconf 88' lang='lat' dir='ltr'>adest</span> <span class='ocrx_word' id='word_1_342' title='bbox 1285 2763 1330 2802; x_wconf 88' lang='lat' dir='ltr'>et</span> <span class='ocrx_word' id='word_1_343' title='bbox 1376 2760 1423 2802; x_wconf 89' lang='lat' dir='ltr'>in</span> <span class='ocrx_word' id='word_1_344' title='bbox 1470 2761 1742 2802; x_wconf 84' lang='lat' dir='ltr'>habentibus</span> <span class='ocrx_word' id='word_1_345' title='bbox 1784 2761 2021 2802; x_wconf 90' lang='lat' dir='ltr'>simbolum</span> 
     </span>
    </p>
   </div>
   <div class='ocr_carea' id='block_1_4' title="bbox 357 2936 1790 3043">
    <p class='ocr_par' dir='ltr' id='par_1_4' title="bbox 357 2936 1790 3043">
     <span class='ocr_line' id='line_1_39' title="bbox 357 2936 1575 2972; baseline 0 -9"><span class='ocrx_word' id='word_1_346' title='bbox 357 2937 386 2970; x_wconf 87' lang='lat' dir='ltr'>a)</span> <span class='ocrx_word' id='word_1_347' title='bbox 407 2936 436 2963; x_wconf 92' lang='grc' dir='ltr'><strong><em>Β</em></strong></span> <span class='ocrx_word' id='word_1_348' title='bbox 454 2936 511 2963; x_wconf 81' lang='lat' dir='ltr'>hat</span> <span class='ocrx_word' id='word_1_349' title='bbox 531 2936 616 2964; x_wconf 87' lang='lat' dir='ltr'>dnco</span> <span class='ocrx_word' id='word_1_350' title='bbox 636 2937 694 2964; x_wconf 84' lang='lat' dir='ltr'>mit</span> <span class='ocrx_word' id='word_1_351' title='bbox 714 2936 1067 2972; x_wconf 74' lang='lat' dir='ltr'>Abkilrzunyszeichen.</span> <span class='ocrx_word' id='word_1_352' title='bbox 1138 2937 1170 2971; x_wconf 89' lang='lat' dir='ltr'>b)</span> <span class='ocrx_word' id='word_1_353' title='bbox 1191 2937 1230 2965; x_wconf 84' lang='lat' dir='ltr'>So</span> <span class='ocrx_word' id='word_1_354' title='bbox 1250 2937 1362 2971; x_wconf 76' lang='lat' dir='ltr'>falech</span> <span class='ocrx_word' id='word_1_355' title='bbox 1381 2936 1575 2964; x_wconf 67' lang='lat' dir='ltr'>konstruirt.</span> 
     </span>
     <span class='ocr_line' id='line_1_40' title="bbox 361 2995 1790 3043; baseline 0 -13"><span class='ocrx_word' id='word_1_356' title='bbox 361 2996 390 3040; x_wconf 87' lang='lat'>¹)</span> <span class='ocrx_word' id='word_1_357' title='bbox 428 2995 493 3042; x_wconf 51' lang='lat' dir='ltr'>[ql.</span> <span class='ocrx_word' id='word_1_358' title='bbox 519 3001 625 3031; x_wconf 79' lang='lat' dir='ltr'>unten</span> <span class='ocrx_word' id='word_1_359' title='bbox 651 2995 715 3030; x_wconf 72' lang='grc' dir='ltr'>ΝΤ.</span> <span class='ocrx_word' id='word_1_360' title='bbox 742 2996 787 3031; x_wconf 85' lang='lat'>15</span> <span class='ocrx_word' id='word_1_361' title='bbox 812 2997 886 3031; x_wconf 79' lang='lat' dir='ltr'>und</span> <span class='ocrx_word' id='word_1_362' title='bbox 908 2997 962 3032; x_wconf 69' lang='lat' dir='ltr'>(lie</span> <span class='ocrx_word' id='word_1_363' title='bbox 1003 2996 1286 3043; x_wconf 44' lang='lat' dir='ltr'>lf&#39;erleandlanyen</span> <span class='ocrx_word' id='word_1_364' title='bbox 1312 2997 1398 3031; x_wconf 77' lang='lat' dir='ltr'>belm</span> <span class='ocrx_word' id='word_1_365' title='bbox 1425 2998 1625 3032; x_wconf 64' lang='lat' dir='ltr'>riitnt&#39;sclzen</span> <span class='ocrx_word' id='word_1_366' title='bbox 1651 2996 1790 3031; x_wconf 73' lang='lat' dir='ltr'>Konzt‘l.</span> 
     </span>
    </p>
   </div>
   <div class='ocr_carea' id='block_1_5' title="bbox 360 3054 1735 3157">
    <p class='ocr_par' dir='ltr' id='par_1_5' title="bbox 360 3054 1735 3157">
     <span class='ocr_line' id='line_1_41' title="bbox 360 3054 760 3101; baseline 0 -12"><span class='ocrx_word' id='word_1_367' title='bbox 360 3055 390 3100; x_wconf 77' lang='lat'>²)</span> <span class='ocrx_word' id='word_1_368' title='bbox 428 3054 494 3101; x_wconf 71' lang='lat' dir='ltr'>rye.</span> <span class='ocrx_word' id='word_1_369' title='bbox 521 3055 608 3090; x_wconf 75' lang='lat' dir='ltr'>oben</span> <span class='ocrx_word' id='word_1_370' title='bbox 636 3055 700 3090; x_wconf 77' lang='lat' dir='ltr'>Nr.</span> <span class='ocrx_word' id='word_1_371' title='bbox 727 3056 760 3090; x_wconf 87' lang='lat'>9.</span> 
     </span>
     <span class='ocr_line' id='line_1_42' title="bbox 1677 3116 1735 3157; baseline 0 -21"><span class='ocrx_word' id='word_1_372' title='bbox 1677 3116 1735 3157; x_wconf 71' lang='lat'>5*</span> 
     </span>
    </p>
   </div>
  </div>
 </body>
</html>
