2216 3432
227 158 311 205 398
546 169 607 206 ΙΙΙ.
634 166 834 203 Abschnitt.
883 162 1158 212 Ver-geschichte
1183 164 1245 199 des
1270 151 1495 200 Konstanzer
1517 160 1677 203 Konztls.

227 291 389 322 nomen
425 277 534 319 illud
567 276 721 318 contra
761 275 805 315 et
837 273 1048 315 adversus
1080 271 1336 313 barbaricas
1367 270 1590 325 nationes,
1632 271 1745 315 adeo
1783 273 1850 326 ut,
1893 272 1997 316 dum

228 351 272 392 et
314 362 393 391 nos
433 348 587 389 contra
634 345 733 388 illos
770 345 1000 397 insurgere
1040 341 1295 396 contigerit,
1343 342 1708 385 concurrentibus
1745 342 1912 386 viribus
1954 345 1998 386 et

228 418 482 463 fortitudine
527 416 758 469 utriusque
801 416 999 456 nostrum
1041 412 1312 454 coniunctim
1349 412 1395 454 in
1429 425 1567 454 unum
1614 415 1658 455 et
1704 413 1907 456 conflatis
1945 426 1998 456 ex

228 490 412 532 adverso
454 487 694 542 procedere
732 484 1035 539 patentissime
1075 483 1319 535 valeamuS,
1369 482 1430 524 ita
1476 484 1527 524 ut
1570 496 1650 525 nos
1691 483 1998 527 Romanorum

228 561 466 614 imperator
497 560 539 599 et
570 570 649 598 vos
682 557 922 598 Grecorum
955 556 1193 608 imperator
1224 553 1560 596 intitularemur.
2043 555 2068 597 5

346 629 550 670 Ceterum
582 629 728 669 vestre
766 625 1016 667 serenitatis
1054 624 1315 666 fraternitati
1355 624 1522 666 tedium
1560 627 1638 666 aut
1678 624 1805 667 nobis
1843 636 1998 679 super-

229 702 365 742 fluum
398 699 537 740 videri
572 711 660 739 non
689 697 836 745 debet,
870 696 906 736 si
940 696 1183 737 excitamus
1206 694 1358 748 vigiles
1381 697 1426 736 et
1449 694 1717 737 solicitamus
1750 708 1803 737 ex
1825 696 1998 738 habun-

229 770 348 812 danti
380 769 571 810 solicitos
605 769 649 809 in
689 767 731 808 id
766 767 925 821 ipsum.
991 766 1102 807 Nam
1142 766 1176 806 si
1216 778 1296 819 pro
1335 765 1668 820 recuperatione
1706 766 1924 808 bonor-um
1955 767 1999 809 et

228 840 389 882 iurium
422 839 593 892 imperii
628 838 761 879 vestri
793 851 872 891 per
904 838 1094 878 Venetos
1126 837 1440 889 occupatorum
1473 849 1550 878 vos
1584 836 1783 878 laborare
1816 839 1862 880 et
1893 850 1998 879 con-

227 911 410 952 tendere
454 909 689 963 placuerit,
733 922 812 962 per
850 908 1041 961 quedam
1083 907 1358 948 avisamenta
1404 906 1612 948 facientia
1658 920 1738 960 pro
1780 907 1905 950 vobis
1942 908 1999 950 ad
2017 908 2071 951 10

230 995 319 1022 rem
353 981 494 1034 ipsam
528 992 605 1020 vos
638 980 892 1020 excitamus.

348 1052 495 1092 Primo
510 1051 542 1103 ¹)
564 1062 722 1103 nempe
755 1049 872 1103 quod
897 1049 1206 1102 prohiberetur
1228 1048 1406 1090 Venetis
1429 1047 1539 1103 ipsis
1567 1050 1722 1103 portus
1754 1048 1799 1091 in
1822 1049 1999 1092 civitate

229 1120 614 1174 Constantinopoli
663 1122 707 1161 et
748 1121 879 1161 etiam
927 1119 971 1160 in
1010 1119 1107 1160 aliis
1147 1119 1252 1161 locis
1283 1120 1428 1161 vestre
1475 1119 1631 1162 ditioni
1670 1119 1880 1162 subiectis
1918 1133 2000 1163 nec

227 1192 538 1245 permittantur
570 1192 834 1232 mercatores
867 1203 1019 1232 eorum
1053 1191 1172 1231 stare
1205 1192 1247 1231 et
1281 1190 1495 1243 negotiari
1534 1190 1579 1231 in
1612 1189 1999 1245 Constantinopoli

227 1265 270 1304 et
302 1261 398 1304 aliis
430 1261 585 1303 vestris
619 1261 795 1303 tenutis.
2018 1263 2068 1305 15

346 1333 457 1374 Item
490 1332 607 1384 quod
641 1344 719 1385 per
751 1332 833 1373 hoc
866 1332 999 1373 etiam
1034 1344 1241 1385 expresse
1281 1331 1597 1384 prohiberetur
1634 1333 1678 1374 et
1709 1331 2000 1386 impediretur

227 1403 309 1444 iter
341 1406 385 1444 et
418 1402 632 1444 transitus
665 1415 817 1444 eorum
841 1402 885 1443 in
910 1403 1135 1458 Conam⁰),
1174 1404 1221 1444 ut
1254 1403 1297 1444 et
1331 1402 1392 1443 sic
1425 1402 1751 1455 quodammodo
1782 1402 2000 1445 tumentia

228 1486 379 1515 eorum
414 1473 576 1514 remitti
611 1475 653 1514 et
686 1472 874 1526 mitigari
908 1473 1146 1515 videretur.

344 1543 453 1584 Item
506 1544 541 1584 si
595 1557 672 1584 vos
725 1546 846 1585 extra
898 1540 1386 1598 Constantinopolemb)
1439 1544 1592 1585 contra
1645 1543 1765 1598 ipsos
1807 1544 1999 1587 Venetos

227 1614 372 1666 galeas
420 1614 474 1655 de
518 1614 735 1655 Romania
784 1627 833 1655 ac
881 1614 1159 1668 archipelago
1202 1613 1453 1665 armaretis,
1506 1613 1648 1667 possit
1685 1614 1876 1669 denique
1922 1617 2072 1669 pereo

228 1685 486 1735 Januenses,
535 1684 653 1739 quis)
700 1687 803 1726 sunt
851 1686 906 1726 ad
954 1687 1104 1727 nostra
1150 1684 1431 1739 beneplacita
1478 1686 1524 1725 et
1566 1685 1796 1737 mandata,
1848 1697 2002 1727 revera

228 1754 456 1808 suffragari
490 1754 545 1796 ab
579 1755 748 1805 insulis,
782 1768 868 1808 que
901 1754 959 1797 ibi
993 1757 1108 1796 sunt.

346 1826 453 1867 Item
493 1838 574 1878 pro
615 1826 948 1879 recuperatione
989 1826 1141 1867 Moton
1183 1827 1227 1867 et
1266 1825 1444 1867 Choron
1487 1825 1532 1867 in
1571 1826 1719 1868 Mon-ea
1760 1827 1913 1880 posset
1954 1825 2000 1868 in

227 1897 346 1937 terra
384 1896 515 1937 etiam
556 1909 634 1950 per
672 1898 825 1950 gentes
866 1899 1038 1939 nostras
1079 1895 1304 1938 subveniri
1344 1908 1426 1938 nec
1464 1898 1614 1949 posset
1645 1896 1890 1938 Turcorum
1923 1896 2000 1938 ad-

227 1966 450 2016 iutorium,
485 1966 529 2007 in
561 1967 724 2019 quibus
748 1967 900 2008 Veneti
936 1966 1020 2020 ipsi
1044 1966 1288 2017 confidunt,
1322 1966 1367 2008 in
1390 1967 1471 2008 hac
1495 1968 1622 2021 parte
1649 1966 1770 2020 ipsos
1792 1966 1999 2018 relevare,
2014 1968 2070 2011 25

228 2037 332 2089 quia
380 2049 460 2077 nos
499 2037 544 2077 in
584 2038 756 2079 tantum
796 2049 1027 2090 possemus
1069 2039 1115 2079 et
1152 2036 1364 2079 vellemus
1404 2036 1467 2083 eis
1507 2037 1689 2080 obviare
1731 2037 1776 2079 in
1808 2038 1927 2079 terra
1958 2037 2002 2079 et

230 2107 334 2148 dare
369 2106 698 2160 impedimenta,
741 2110 789 2149 ut
821 2108 985 2149 nedum
1018 2107 1063 2149 in
1097 2107 1434 2149 subventionem
1468 2108 1709 2150 eorundem
1742 2119 2001 2150 succurrere

228 2177 403 2219 valeant
435 2178 514 2218 sed
547 2181 590 2219 et
623 2178 667 2219 in
700 2178 892 2232 propriis
926 2178 1095 2220 laribus
1128 2177 1371 2220 metuet-int
1403 2191 1450 2220 se
1483 2178 1721 2232 persistere
1753 2190 1901 2232 posse.

347 2247 636 2302 Quecumque
665 2262 769 2290 vero
792 2249 910 2292 bona
931 2250 1064 2291 vestri
1089 2249 1262 2303 imperii
1286 2251 1537 2291 nostrorum
1559 2249 1756 2302 gentium
1779 2247 2001 2291 adiutorio

231 2331 256 2359 a
288 2318 465 2359 Venetis
497 2318 607 2372 ipsis
640 2319 813 2373 eripere
846 2322 891 2362 et
924 2332 1190 2373 recuperare
1222 2331 1469 2374 possemus,
1501 2319 1598 2361 sine
1631 2317 1889 2361 difficultate
1919 2318 2000 2361 ali·
2015 2321 2073 2364 30

229 2388 348 2441 quali
392 2389 448 2430 ad
485 2401 642 2431 manus
680 2392 852 2432 vestras
885 2390 1211 2444 resignaremus
1242 2392 1286 2432 et
1317 2389 1565 2432 faceremus
1596 2402 1677 2445 per
1709 2402 2000 2445 quoscunque

235 2460 410 2501 nostros
442 2458 645 2501 subditos
678 2460 905 2515 resignari.

350 2528 493 2582 Super
525 2530 686 2583 quibus
718 2530 925 2574 omnibus
957 2534 1103 2574 vestre
1135 2530 1387 2574 serenitatis
1419 2531 1655 2586 prudentia
1685 2533 1857 2574 mature
1889 2530 2000 2574 deli·

230 2599 356 2641 beret
393 2602 432 2641 et
473 2600 802 2644 deliberationis
842 2604 989 2646 vestre
1029 2603 1336 2657 responsivam
1372 2615 1455 2658 per
1493 2602 1639 2645 certos
1679 2603 1723 2644 et
1757 2601 2000 2645 industrios

230 2682 357 2711 veros
387 2669 710 2713 ambaxiatores
733 2675 776 2714 et
798 2673 975 2715 nuntios
1008 2671 1226 2730 vestrosd)
1253 2675 1299 2715 et
1320 2674 1444 2716 tante
1466 2671 1757 2725 auctoritatis,
1789 2673 1839 2715 ut
1858 2671 2001 2715 sciant
2015 2673 2072 2716 35

348 2844 378 2878 a)
400 2843 443 2871 Οὸ
465 2843 572 2872 cauea
591 2845 763 2881 (Candiafl’
817 2847 851 2882 b)
872 2847 915 2876 So
936 2847 973 2875 B.
1028 2847 1057 2882 c)
1077 2855 1141 2883 que
1162 2848 1200 2877 Β.
1253 2846 1286 2882 d)
1306 2847 1395 2876 mu
1413 2846 1527 2876 mittat
1546 2847 1626 2876 oder
1643 2845 1817 2875 Mem.

351 2915 378 2958 ¹)
404 2913 607 2960 Siyimnund
634 2917 748 2952 wollte
779 2918 857 2953 aleo
888 2918 944 2953 die
971 2918 1222 2954 orientalioclae
1247 2917 1535 2966 Haadezupme
1557 2929 1673 2965 qeyen
1694 2917 1752 2953 die
1782 2916 2001 2954 Vanam

231 2972 428 3018 einflat-en,
458 2974 522 3008 wie
553 2985 594 3010 er
624 2975 700 3010 cicli
731 2975 825 3011 1417
844 2977 915 3022 fiir
945 2978 1022 3013 eine
1052 2977 1286 3024 europaeiaeclae
1321 2976 1490 3013 bemfihte.
1541 2976 1671 3012 Modon
1701 2975 1775 3012 und
1802 2974 1927 3012 Koron
1953 2975 2003 3012 in

233 3029 317 3065 SW.
342 3031 406 3066 der
431 3031 620 3068 Halbimel
641 3033 779 3069 Morea.
