2216 3432
429 186 471 224 B.
502 185 647 222 Johann
672 185 810 224 XXIII.
835 185 910 221 und
934 186 1021 221 Karl
1047 186 1233 222 Malatesta
1259 187 1354 224 1410
1377 187 1450 222 und
1478 189 1583 224 1411.
1610 188 1689 226 Nrr.
1717 190 1824 226 2-4.
1970 180 2027 222 25

208 294 379 341 'nitate
419 293 644 347 Bononie,
685 292 895 336 videlicet
935 293 1043 348 quia
1083 293 1180 347 ipse
1218 294 1336 347 vult,
1378 294 1499 349 quod
1538 294 1706 338 dictum
1746 310 1935 340 comune
1981 300 2027 341 et

241 366 358 410 cives
379 365 584 410 Bononie
617 366 875 408 removeant
907 378 954 407 se
987 365 1042 408 ab
1075 364 1330 408 obedientia
1361 378 1478 420 pape
1511 367 1742 421 Johannis,
1776 381 1912 423 super
1941 382 2031 423 qua

238 438 366 494 parte
398 438 443 480 et
467 436 718 480 differentia
750 437 1028 479 declaramus
1059 436 1140 479 tibi
1163 438 1359 479 mentem
1370 441 1407 494 ¹²)
1439 439 1482 480 et
1504 431 1804 482 intentionem
1827 441 2026 483 nostram

240 511 285 552 at
315 510 575 552 mandatum
607 509 825 561 nostrum,
858 509 996 563 quod,
1030 508 1068 551 si
1101 508 1197 564 ipse
1231 509 1438 552 dominus
1470 510 1662 553 Karolus
1695 510 1913 565 exprimet
1944 511 2027 554 tibi

199 583 224 625 5
238 580 507 637 peticionem
540 582 584 623 et
607 580 907 623 differentiam
939 583 1015 623 aut
1038 583 1279 635 antequam
1302 582 1635 625 condescendat
1664 582 1721 625 ad
1743 582 2028 625 sufferentias

239 653 310 696 vel
346 654 460 707 post,
499 653 729 706 volumus,
769 653 890 707 quod
929 653 1106 695 debeas·
1127 665 1206 695 sue
1246 652 1541 706 magnitudini
1581 655 1874 708 respondere,
1908 656 2029 709 quod

241 737 322 767 sua
360 723 601 778 sapiencia,
642 737 733 766 non
769 723 1027 766 dubitamus
1059 737 1159 778 ymo
1193 737 1348 766 sumus
1382 724 1637 778 certissimi,
1671 730 1905 780 cognoscat
1940 740 2030 768 non

241 808 339 838 esse
377 794 645 838 conveniens
686 808 832 850 neque
876 796 1136 848 honestum,
1178 796 1299 851 quod
1338 795 1500 851 aliquis
1540 797 1810 840 christianus
1848 800 2030 851 cogatur

240 867 458 910 violenter
505 867 560 909 ad
599 866 889 921 obligandum
935 880 1018 921 pro
1065 867 1202 910 rebus
1244 868 1617 922 temporabilibus
1665 868 1858 912 animam
1903 883 2030 912 suam

118 994 121 996 q
172 940 227 982 10
240 940 396 981 contra
447 938 764 982 conscientiam
816 951 956 981 suam.
1029 939 1086 981 Et
1132 939 1433 994 pretermissis
1480 940 1751 991 rationibus,
1802 955 1890 996 que
1941 941 2026 984 dici

239 1010 424 1065 possent
455 1009 572 1053 circa
608 1009 910 1053 obedientiam
950 1011 1098 1053 datam
1131 1024 1213 1065 per
1252 1012 1572 1054 comunitatem
1604 1012 1805 1056 Bononie
1838 1015 1882 1055 et
1915 1014 2026 1055 alios

241 1095 415 1124 summo
453 1081 655 1136 pontifici
694 1094 811 1136 pape
848 1073 1054 1135 Johanni,
1094 1083 1191 1138 ipse
1224 1083 1485 1137 magnificus
1519 1085 1727 1127 dominus
1770 1097 1860 1126 non
1893 1085 2027 1127 debet

239 1154 366 1207 velle,
399 1154 519 1207 quod
551 1154 693 1196 honor
727 1154 844 1196 dicte
877 1154 1207 1197 communitatis
1245 1157 1290 1197 et
1322 1158 1602 1199 sacramenta
1634 1158 1677 1198 et
1707 1155 2027 1211 promissiones

241 1225 296 1267 de
328 1238 442 1268 novo
475 1225 589 1267 facte
621 1238 702 1279 per
725 1225 889 1268 dictam
912 1226 1230 1269 comunitatem
1264 1240 1365 1269 cum
1393 1228 1527 1281 pleno
1561 1229 1603 1270 et
1625 1229 1822 1282 generali
1845 1228 2029 1270 consilio

173 1299 224 1341 15
241 1310 322 1339 suo
360 1310 442 1351 pro
482 1297 823 1351 recuperatione
872 1297 1008 1340 castri
1056 1300 1100 1340 et
1148 1299 1390 1342 securitate
1430 1302 1574 1342 status
1623 1300 1693 1342 sui
1742 1299 1922 1355 infringi
1960 1301 2029 1342 vel

242 1368 429 1411 diminui
464 1368 669 1422 debeant,
708 1383 808 1423 ymo
850 1383 932 1412 sua
964 1369 1292 1425 magnificentia
1333 1372 1465 1414 debet
1503 1386 1600 1414 esse
1633 1373 1869 1424 contenta,
1910 1373 2030 1426 quod

242 1439 358 1483 dicta
389 1440 638 1483 comunitas
677 1442 861 1483 veniens
895 1442 951 1484 ad
982 1455 1139 1497 pacem
1173 1456 1325 1486 secum
1358 1445 1591 1486 conservet
1615 1444 1851 1495 vhonorem
1884 1437 2037 1485 suum.¹

239 1594 285 1639 4.
348 1594 604 1636 Bruclzstc‘iclc
640 1597 749 1637 eines
790 1595 1032 1638 Schreibens
1079 1596 1190 1638 Karl
1232 1598 1479 1640 Alalatestas
1527 1600 1599 1653 (an
1646 1600 1734 1640 eine
1774 1599 2029 1640 italieniaclce

243 1664 425 1721 Stadss),
465 1669 596 1708 worin
627 1682 672 1709 er
703 1668 791 1708 sich
827 1683 956 1724 yeyen
988 1669 1053 1710 die
1082 1668 1328 1726 Abhaltzmq
1359 1685 1435 1711 von
1467 1669 1926 1712 Partikularlconzilien
1957 1671 2031 1711 der

170 1730 226 1771 20
241 1738 334 1780 ἄνεί
363 1737 516 1794 PciPste
546 1739 635 1780 und
650 1738 736 1794 fiir
767 1741 832 1781 ein
866 1741 1127 1796 allqemez'nes
1161 1740 1308 1782 Konzil
1345 1749 1465 1783 unter
1497 1742 1805 1793 (zusf'z‘ihrliclcer
1833 1733 2031 1797 *Be-qram-

240 1810 353 1866 duny
386 1810 641 1866 ausspricltt;
689 1812 803 1852 darm
850 1812 915 1853 die
949 1812 1123 1853 Ansiclct
1159 1813 1278 1854 cleo-er
1327 1812 1555 1869 bekci'mpjt,
1605 1814 1670 1855 die
1700 1815 1880 1864 meinen,
1930 1814 2031 1854 class

238 1880 346 1922 nach
392 1881 466 1923 der
511 1879 630 1924 Walzl
667 1882 854 1924 Jolzanns
886 1881 1060 1923 XXIII.
1106 1886 1194 1926 eine
1242 1883 1380 1926 Um'on
1415 1885 1503 1926 und
1545 1884 1717 1941 Rejomn
1764 1885 1837 1926 cler
1875 1883 2028 1927 Kar-elce

697 1954 897 2010 unniithiy
929 1956 1000 1997 sei.
1066 1954 1196 2011 (1411
1229 1956 1339 1997 nacla
1373 1956 1478 1998 Jum'
1507 1955 1568 2012 6.)

312 2047 342 2081 B
367 2060 431 2082 aas
483 2047 583 2092 Wlen,
624 2048 712 2095 llos-
752 2050 822 2083 und
860 2050 1194 2094 Staatsbibliotlaek,
1237 2052 1319 2086 God.
1346 2051 1443 2086 5100
1468 2052 1539 2097 fol.
1570 2052 1816 2086 122v—125
1851 2064 1915 2086 aas
1954 2052 2030 2085 (lem

168 2115 223 2157 «25
382 2107 548 2154 Anfanye
575 2109 636 2143 des
664 2109 720 2143 15.
752 2110 1026 2145 Jalerlcumlerts.
1092 2110 1170 2145 Der
1207 2110 1353 2158 Anflmy
1385 2112 1564 2157 ymlmckc
1605 2111 1766 2146 Martem
1795 2117 1831 2146 et
1863 2111 2030 2151 Durand,

381 2166 608 2214 Amph-ssiteta
649 2169 817 2204 Colla-tio
858 2167 925 2212 VII,
960 2170 1196 2205 1222-1205
1223 2171 1301 2216 (C),
1340 2171 1429 2205 doc-lc
1461 2172 1525 2205 mit
1562 2172 1626 2205 (lar
1663 2171 1918 2217 zlbwezclzmay,
1945 2171 2029 2206 (lass

380 2227 445 2262 das
473 2226 671 2263 Scleree'ben
697 2229 774 2263 hier
801 2241 847 2263 (m
872 2229 987 2276 Kb'm'y
1016 2229 1222 2276 Siffl'smmzd
1241 2230 1421 2276 yere'cletet
1446 2231 1500 2265 ist.
1564 2255 1567 2258 <

358 2335 413 2378 Et
453 2338 503 2378 ut
541 2337 732 2391 amplius
780 2337 990 2380 noticiam
1039 2339 1240 2382 habeatis
1278 2340 1497 2382 tractatus
1545 2339 1785 2382 cuiuslibet
1827 2338 2026 2394 agitatib)

240 2407 330 2462 etc)
363 2405 516 2463 quotd)
550 2409 1012 2452 circumvencionibus
1043 2424 1136 2453 rem
1169 2414 1323 2453 sancte
1357 2412 1545 2454 ecclesie
1569 2412 1876 2468 conculcaree)
1909 2413 2026 2454 sata-

169 2479 360 2533 30gunt,
403 2480 607 2522 nonnulli
655 2481 836 2524 modum
882 2482 1018 2524 alium
1056 2485 1407 2537 proposuerunt,
1456 2483 1664 2526 videlicet
1711 2484 1880 2525 bonum
1928 2496 2025 2525 esse

239 2564 605 2606 unumquemque
637 2553 1030 2606 contendencium,
1074 2557 1124 2597 ut
1157 2554 1219 2597 ita
1253 2552 1457 2608 dicant‘),
1501 2568 1630 2597 suam
1670 2569 1937 2609 congregare
1973 2556 2027 2597 de

237 2634 317 2676 per
349 2636 396 2665 se
434 2624 604 2676 partem
637 2625 683 2666 et
713 2625 870 2678 postea
906 2625 953 2667 in
994 2626 1108 2675 loco,
1153 2626 1198 2668 in
1231 2640 1319 2680 quo
1361 2626 1745 2678 concordaverint,
1788 2626 2025 2669 convenire

238 2695 282 2735 et
323 2693 385 2735 sic
432 2694 668 2738 concilium
700 2697 970 2751 congregari,
1012 2698 1291 2751 assignantes
1331 2699 1445 2741 hanc
1484 2699 1730 2749 racionem,
1774 2698 1891 2752 quod
1939 2711 2028 2740 non

240 2766 307 2807 est
337 2764 506 2808 iustum
538 2767 665 2822 necg)
697 2781 884 2822 equum,
918 2769 1040 2823 quod
1070 2769 1160 2822 ille,
1194 2770 1271 2824 qui
1303 2770 1440 2812 habet
1463 2769 1680 2813 maiorem
1712 2769 2027 2812 auctoritatem

169 2844 223 2886 35
239 2837 283 2879 et
327 2838 678 2893 possessionem,
725 2840 897 2894 equalis
944 2840 1022 2883 fiat
1069 2841 1117 2883 in
1165 2840 1535 2898 convoeacioneh)
1585 2843 1630 2884 et
1678 2840 2025 2895 congregacione

356 3014 387 3050 a)
407 3016 608 3044 mententem
630 3017 703 3044 Ood.
777 3017 811 3051 b)
832 3017 874 3045 Et
893 3018 930 3045 ut
950 3018 1094 3053 amplius
1115 3025 1176 3047 sua
1203 3018 1366 3047 serenitas
1392 3018 1552 3047 noticiam
1580 3019 1746 3046 tractatus
1766 3017 1890 3045 habeat
1917 3015 2026 3043 cuius-

237 3059 325 3089 libet
350 3061 379 3090 Ο.
471 3063 499 3098 c)
525 3063 614 3092 Fehzt
635 3064 664 3092 Ο.
773 3064 806 3100 d)
827 3065 916 3103 quod
936 3066 974 3096 Β,
1082 3067 1112 3105 e)
1133 3066 1330 3099 concolcare
1351 3067 1388 3094 Β.
1496 3066 1523 3104 1)
1544 3065 1676 3096 dicatur
1698 3066 1726 3094 Ο.
1817 3066 1849 3103 g)
1870 3071 1977 3103 neque
1999 3064 2027 3092 Ο.

238 3107 272 3148 h)
293 3109 517 3141 convencione
540 3111 569 3141 0.
1330 3125 1334 3129 -
1387 3128 1389 3130 -
1458 3135 1460 3137 .
1604 3135 1607 3137 ,
