2216 3432
258 157 337 199 130
574 160 616 195 II.
642 156 837 192 Abschnitt.
887 154 955 187 Das
981 150 1151 186 ramische
1175 148 1313 184 Konzil.
1366 147 1455 183 1412
1479 147 1553 182 und
1581 146 1682 184 1413.

256 272 445 315 omnium
484 266 674 310 districte
714 262 758 303 in
790 260 947 302 virtute
984 257 1132 298 sancte
1163 253 1411 297 obedientie
1442 253 1736 307 iniungentes,
1775 253 1997 306 quatenus

254 356 331 397 pro
369 338 481 382 felici
519 337 634 377 statu
666 333 829 386 prefate
862 330 1059 371 Romane
1101 339 1150 367 ac
1181 323 1396 366 catholice
1428 322 1611 365 ecclesie
1649 335 1699 364 ac
1731 321 1827 363 eius
1859 322 1995 364 refor-

254 411 437 454 matione
469 404 765 453 saluberrima,
797 397 1111 452 tranquillitate
1143 395 1435 445 subditorum,
1477 406 1583 447 pace
1615 394 1658 434 et
1690 392 1832 434 salute
1864 404 1997 434 cunc-

253 485 408 529 torum,
440 476 573 519 velint
604 477 646 515 et
678 472 865 513 debeant
893 482 970 522 per
993 481 1039 509 se
1061 469 1137 507 aut
1161 466 1468 519 procuratores
1500 463 1569 505 vel
1593 461 1777 505 nuncios
1799 462 1996 514 idoneos,

253 552 286 592 si
308 547 615 602 impedimento
637 542 798 584 fuerint
821 539 1008 592 legitimo
1030 535 1262 592 prepediti,
1285 536 1536 588 opportuno
1560 535 1602 575 et
1625 531 1773 574 debito
1796 533 2035 586 tempore5

251 619 446 662 videlicet
482 616 578 657 ante
618 612 822 654 kalendas
861 609 1056 663 proxime
1093 606 1225 648 futuri
1271 605 1434 646 mensis
1466 603 1634 657 Aprilis
1677 602 1723 644 in
1755 602 1853 656 ipsa
1886 603 1995 645 urbe
2040 619 2045 629 ·

252 687 534 745 personaliter
565 681 808 731 convenire,
842 681 887 720 ut
920 679 994 720 illa
1027 676 1214 727 decerni,
1247 673 1484 728 provideri,
1518 672 1652 714 statui
1685 675 1727 714 et
1760 673 1815 715 ad
1838 686 1996 715 execu-

251 762 405 802 tionem
454 754 607 798 deduci
654 753 837 799 valeant,
892 763 976 802 que
1023 748 1263 789 secundum
1312 745 1465 795 Deum,
1520 746 1772 785 sanctorum
1820 744 1996 786 decreta

250 833 420 884 patrum
461 829 503 868 et
535 836 747 866 canonum
788 820 988 861 instituta
1021 831 1152 871 super
1185 815 1409 869 premissis
1443 813 1783 866 emergentibus,
1829 814 1995 867 depen-

253 900 450 942 dentibus
482 896 548 937 rel
580 892 784 934 connexis
817 890 985 943 prefato
1018 887 1202 928 concilio
1225 887 1267 927 et
1290 886 1384 926 eius
1408 883 1761 926 determinationi
1786 884 1995 927 salutaria
2011 887 2066 928 10

250 969 520 1012 videbuntur.
567 964 734 1014 Quibus
766 960 964 1003 omnibus
997 961 1212 1000 eteorum
1243 955 1420 997 cuilibet
1443 955 1736 1006 venientibus,
1770 955 1994 997 stantibus

250 1043 291 1082 et
323 1035 621 1079 recedentibus
667 1030 871 1086 predictis
910 1031 1060 1070 harum
1099 1027 1210 1068 serie
1249 1026 1292 1067 in
1325 1026 1487 1067 babere
1525 1038 1574 1065 ac
1607 1024 1807 1079 personis
1839 1025 1886 1067 in
1918 1039 1993 1067 ve-

254 1110 422 1152 niendo,
446 1106 596 1147 stando
620 1106 659 1144 et
684 1101 924 1143 recedendo
947 1099 1100 1152 culpis,
1125 1097 1377 1138 excessibus
1401 1098 1443 1137 ct
1467 1096 1649 1147 delictis,
1674 1095 1992 1150 cuiuscumque

254 1154 469 1234 qualitatis
521 1175 761 1221 existerent,
823 1169 987 1212 etiamsi
1039 1169 1205 1209 heresis
1258 1167 1325 1209 vel
1379 1167 1467 1207 lese
1521 1165 1761 1207 maiestatis
1809 1166 1993 1209 crimina

251 1249 449 1302 saperent
486 1258 651 1286 necnon
691 1241 1040 1290 <'lisfidati‹›11i1›us,
1086 1237 1436 1292 repreliensaliis,
1479 1236 1776 1289 processibus,
1816 1237 2060 1289 hannis,15›

250 1315 679 1361 condemnationilnrs
721 1327 768 1354 ac
810 1310 1038 1353 sententiis
1085 1312 1122 1349 et
1172 1308 1368 1349 censuris
1412 1307 1616 1358 realibus,
1668 1308 1991 1360 personalibus

250 1387 545 1442 spiritualibus
587 1387 627 1425 et
673 1382 982 1436 temporalibus
1031 1382 1182 1420 contra
1230 1393 1303 1420 eos
1348 1378 1483 1429 factis,
1524 1377 1635 1428 latis,
1684 1378 1865 1420 inflictis
1913 1392 1990 1421 seu

248 1456 521 1511 promulgatis
567 1453 847 1495 communiter
895 1452 958 1492 rel
999 1450 1170 1491 divisim
1216 1452 1259 1490 et
1291 1449 1387 1490 aliis
1434 1447 1667 1489 contrariis
1711 1461 1991 1502 nequaquam

247 1527 518 1569 obstantibus
546 1526 671 1578 plene
694 1522 935 1564 securitatis
959 1521 1190 1564 licentiam,
1224 1520 1392 1561 salvum
1417 1520 1694 1572 liberumque
1720 1520 1989 1562 conductum

248 1612 383 1651 usque
430 1598 470 1637 et
508 1596 603 1649 post
640 1594 957 1635 absolutionem
1005 1592 1108 1633 dicti
1158 1591 1290 1631 futuri
1340 1590 1512 1631 concilii
1561 1603 1639 1642 per
1682 1592 1771 1631 tres
1815 1594 2061 1634 mensesffl)

245 1667 486 1709 immediate
518 1668 747 1718 sequentes
780 1663 1011 1705 valiturum
1044 1664 1195 1703 tenore
1230 1662 1500 1714 presentium
1534 1661 1826 1715 impertimur,
1861 1675 1984 1703 man-

245 1740 393 1779 dantes
425 1737 477 1777 ab
503 1735 700 1777 (minibus
732 1734 1037 1775 inviolabiliter
1068 1733 1285 1774 observari
1321 1734 1359 1773 et
1396 1731 1706 1773 nichilominus
1739 1745 1819 1786 pro
1853 1731 1985 1774 itine-

247 1808 429 1848 rantium
476 1805 705 1847 securitate
751 1805 794 1844 in
834 1805 993 1845 babere
1031 1816 1079 1844 ac
1122 1803 1321 1856 personis
1360 1816 1533 1844 omnem
1573 1802 1809 1855 pastoralis
1851 1802 1983 1845 officii

245 1878 503 1930 diligentiam
535 1876 833 1928 impendemus
865 1875 968 1915 totis
1000 1874 1229 1915 affectibus
1253 1887 1301 1915 ac
1325 1872 1652 1927 provisionibus
1675 1874 1729 1914 ad
1752 1874 1984 1927 premissa.

245 1947 296 1988 Et
332 1947 427 1987 lieet
465 1946 681 1987 venientes
722 1946 775 1986 ad
814 1946 1054 1986 ltomanam
1098 1945 1278 1995 curiam,
1318 1946 1540 1986 morantes
1582 1944 1627 1985 in
1659 1958 1710 1986 ea
1750 1946 1795 1986 et
1827 1945 1882 1986 ab
1915 1945 2058 1988 illa25

249 2018 492 2058 recedentes
515 2017 641 2070 plena
665 2016 850 2056 debeant
872 2015 1104 2056 securitate
1127 2016 1314 2067 gaudere
1338 2029 1387 2057 ac
1411 2015 1452 2055 iu
1480 2015 1735 2068 spoliantes,
1759 2014 1985 2068 capientes

248 2088 288 2126 et
333 2088 571 2127 detinentes
612 2087 785 2127 eosdem
829 2085 1285 2127 excommunicationis
1333 2099 1381 2127 ac
1429 2085 1720 2127 anathematis
1768 2086 1988 2128 sententie

247 2157 331 2196 sint
362 2170 436 2209 per
468 2170 695 2209 processus
727 2156 983 2208 apostolicos
1016 2156 1302 2209 promulgate,
1336 2170 1390 2197 ne
1423 2158 1571 2198 tamen
1604 2155 1755 2198 venire
1787 2156 1987 2199 volentes

245 2228 318 2266 aut
349 2226 486 2266 nuntii
517 2240 591 2267 seu
624 2228 925 2278 procuratores
957 2240 1107 2267 eorum
1139 2227 1193 2268 ad
1225 2227 1443 2280 prefatum
1476 2226 1710 2268 concilium
1744 2228 1820 2269 aut
1841 2226 1984 2282 ipsam

244 2296 402 2336 curiam
439 2309 709 2337 communem
747 2297 948 2338 omnibus
987 2297 1186 2350 patriam,
1234 2297 1377 2339 locum
1420 2297 1502 2339 sibi
1544 2298 1688 2339 minus
1736 2299 1896 2351 tutum,
1945 2298 2058 2343 et30

243 2367 418 2418 propter
463 2366 704 2407 inimicitias
749 2367 814 2408 vel
856 2381 906 2407 ex
944 2367 1085 2408 causis
1137 2367 1231 2409 aliis
1278 2368 1505 2410 imminere
1552 2368 1638 2410 sibi
1686 2367 1860 2410 nunciis
1909 2370 1988 2411 aut

244 2436 591 2488 procuratoribus
622 2437 725 2490 ipsis
759 2438 995 2490 periculum
1027 2438 1071 2478 in
1094 2437 1249 2479 itincre
1272 2437 1473 2480 veniendi
1497 2439 1554 2481 ad
1577 2439 1724 2492 ipsum
1749 2439 1986 2481 concilium

244 2518 318 2545 seu
350 2505 507 2547 curiam
539 2506 682 2548 forsan
714 2508 919 2560 allegent:
962 2507 1189 2549 universos
1222 2510 1266 2549 et
1297 2509 1491 2562 singulos
1525 2522 1662 2562 reges,
1695 2509 1985 2564 patriarchas,

246 2574 583 2628 archiepiscopos
615 2579 657 2618 et
679 2577 911 2631 episcopos
929 2580 970 2619 et
992 2579 1212 2632 quoslibet
1236 2579 1519 2622 ecclesiarum
1543 2593 1594 2622 ac
1617 2579 1985 2623 monasteriorum

247 2645 446 2696 prelatos,
479 2646 653 2688 clericos
676 2662 723 2689 ac
745 2662 953 2702 personas
976 2648 1292 2691 ecclesiasticas
1316 2663 1486 2691 necnon
1510 2650 1661 2704 duces,
1693 2649 1986 2703 marchiones,
2000 2652 2056 2696 35

245 2713 440 2766 barones,
477 2717 706 2770 principes,
744 2719 935 2771 comites,
967 2721 1220 2773 potestates,
1253 2721 1508 2774 capitaneos
1546 2723 1591 2764 et
1621 2721 1847 2775 quoslibet
1876 2720 1987 2764 alios

246 2781 444 2824 officiales
482 2798 530 2826 ac
566 2800 711 2828 eorum
749 2789 1043 2831 locatenentes
1087 2803 1257 2832 necnon
1289 2791 1551 2844 communia,
1583 2791 1903 2835 universitates
1934 2803 1986 2834 ac

248 2850 479 2904 singulares
530 2868 821 2911 quascumque
870 2872 1080 2912 personas
1128 2860 1369 2912 civitatum,
1420 2864 1655 2914 terrarum,
1706 2861 1986 2917 oppidorum,

249 2922 494 2970 castrorum,
527 2926 723 2968 villarum
755 2931 796 2969 et
828 2929 1010 2971 aliorum
1032 2931 1223 2972 locorum
1244 2932 1398 2973 tenore
1419 2931 1695 2986 presentium
1717 2931 1986 2987 requirimus

250 2991 290 3030 et
321 2990 541 3034 hortamur
571 2995 614 3036 in
648 3010 710 3048 ee,
749 2998 820 3051 qui
854 3002 920 3041 est
949 3001 1142 3042 omnium
1175 3014 1279 3043 vera
1310 3001 1444 3055 salus,
1476 3001 1676 3057 ipsisque
1708 3001 2057 3058 patriarchi8,40
