2216 3432
297 168 375 209 140
607 169 649 203 11.
676 166 868 201 Abschnitt.
918 163 986 196 Das
1012 158 1181 194 romische
1206 155 1344 191 Konzil.
1397 154 1486 190 1412
1510 153 1583 188 und
1612 152 1712 188 1413.

293 284 397 324 tum.
412 280 442 332 1)
503 276 585 318 Hic
622 271 830 316 articulus
871 270 936 309 est
976 266 1021 306 in
1059 264 1210 306 eodem
1251 260 1436 303 concilio
1476 257 1670 302 Parisius
1710 256 2028 311 proponendus

293 354 336 394 et
365 345 590 404 practicari
621 343 764 397 potest
794 352 871 394 per
902 336 1082 379 eoncilia
1114 331 1337 387 synodalia
1369 332 1446 373 aut
1475 343 1553 383 per
1585 327 1830 382 quemlibet
1860 325 2030 381 episeo-

292 434 394 475 pum
426 419 517 460 sine
549 412 740 465 synodali
771 411 844 451 aut
876 405 1127 462 provinciali
1161 402 1356 444 concilio.
1405 401 1458 442 Et
1492 399 1665 442 fundari
1688 398 1836 451 potest
1857 410 1909 439 ex
1932 397 2029 449 hoc,

293 506 342 532 ex
375 486 634 533 difficultate,
667 495 750 535 que
782 481 826 520 in
848 476 1118 530 simplicibus
1141 472 1338 527 personis
1362 470 1587 525 potissime
1611 468 1868 510 mulieribus
1890 467 2031 510 oritur

293 575 341 602 ex
374 570 544 600 accessu
568 555 617 596 ad
642 554 807 594 tantum
832 548 1045 602 prelatum
1067 544 1230 586 scilieet
1253 543 1522 596 episcopum,
1552 540 1606 582 ad
1630 552 1761 592 quein
1784 536 2071 580 communis5

294 643 377 671 non
411 629 475 668 est
507 635 718 666 recursus.
779 619 983 660 Animum
1023 629 1107 657 non
1140 614 1366 655 assumunt
1403 609 1731 653 resormacionis
1764 622 1842 650 sue
1875 609 1952 651 sed
1984 608 2030 650 in

294 699 380 740 suis
411 695 594 751 peccatis
627 691 856 734 dormiunt.
1773 750 1780 758 ⁸
1908 751 1916 758 '

407 767 447 821 [ξ
480 766 552 819 24]
613 764 720 804 Item
752 761 796 801 in
829 759 941 800 dicto
969 756 1149 798 concilio
1172 755 1455 807 proponatur,
1488 752 1605 804 quod
1628 751 1810 792 eccleS1e
1833 763 2032 802 maiores,

294 834 613 890 archiepiscopi,
638 830 827 886 episcopi
851 842 899 870 ac
923 827 992 869 alii
1017 824 1361 867 iurisdictionem
1385 822 1660 875 spiritualem
1684 822 1728 862 et
1746 820 2032 874 temporalem

295 908 538 949 exercentes
580 916 656 956 pro
696 901 781 941 suis
821 898 1062 940 actionibus
1102 897 1145 937 et
1187 893 1548 947 expedicionibus
1586 892 1702 933 circa
1743 891 1945 934 subditos
1986 892 2032 933 in
2052 891 2105 932 10

296 977 444 1019 litteris
492 975 747 1026 seiiptoium
799 973 873 1011 aut
919 968 1023 1009 alias
1071 969 1110 1007 et
1158 979 1307 1006 eorum
1355 963 1551 1006 officiarii
1600 963 1742 1004 nullas
1789 962 2035 1015 suscipiant

296 1047 512 1100 pecunias,
560 1043 638 1084 nisi
682 1043 722 1082 in
765 1040 949 1087 casibus,
996 1038 1123 1078 modo
1165 1038 1208 1077 et
1249 1036 1384 1077 forma
1423 1035 1506 1075 sibi
1546 1047 1569 1075 a
1609 1033 1701 1074 iure
1748 1031 2034 1088 concessis.2)

298 1118 381 1158 Iste
428 1115 633 1157 articulus
680 1113 745 1152 est
784 1111 826 1151 in
870 1107 1207 1162 provincialibus
1248 1108 1320 1147 aut
1364 1105 1646 1157 synodalibus
1694 1103 1891 1145 conciliis
1933 1116 2034 1158 pro-

299 1185 541 1238 sequendus
573 1191 613 1223 et
646 1181 933 1233 exequendus.
988 1179 1039 1218 Et
1074 1176 1242 1219 fundari
1276 1178 1421 1228 potest
1446 1189 1495 1216 ex
1520 1176 1613 1225 hoc,
1646 1174 1764 1228 quod
1790 1173 1871 1215 viri
1895 1174 2034 1216 eecle-

299 1255 455 1298 siastici
495 1253 598 1295 iuris
637 1252 866 1293 dictionem
909 1250 1116 1290 habentes
1154 1262 1232 1301 pro
1270 1246 1518 1288 actionibus
1557 1246 1672 1287 circa
1711 1245 1912 1286 subditos
1955 1258 2035 1287 sua
2053 1245 2103 1286 15

298 1327 458 1367 liabent
491 1325 542 1364 ab
575 1322 752 1363 ecclesia
785 1320 1014 1372 stipendia.
1068 1319 1159 1359 lloc
1184 1318 1319 1358 eciam
1350 1318 1402 1358 de
1426 1318 1518 1358 iure
1542 1316 1704 1369 scripto
1726 1316 1902 1357 videtur
1924 1329 2033 1357 esse.

412 1395 452 1448 [ξ
485 1394 556 1447 25]
619 1394 726 1433 Item
759 1392 1037 1443 proponatur,
1074 1402 1125 1429 ne
1159 1388 1349 1441 episcopi
1384 1390 1445 1428 tot
1479 1388 1670 1428 habeant
1703 1387 1747 1428 in
1780 1386 1872 1427 suis
1901 1385 2034 1428 curiis

298 1467 575 1518 promotores„
609 1462 731 1503 variis
763 1461 900 1501 modis
932 1459 1183 1500 vexaciones
1217 1472 1346 1511 quani
1382 1457 1592 1511 plurimas
1616 1459 1670 1499 ad
1694 1457 1824 1499 finem
1847 1457 2035 1511 pecunie

300 1535 480 1575 subditis
526 1533 786 1585 pauperibus
834 1531 1079 1579 inserentes,
1128 1544 1205 1583 pro
1246 1529 1376 1570 nullis
1417 1530 1684 1582 quandoque
1725 1530 1801 1570 aut
1840 1527 2034 1570 minimis

300 1603 548 1654 defectibus,
580 1605 644 1643 set
676 1601 899 1655 pauciores
928 1601 1113 1641 habeant
1136 1600 1377 1641 secundum
1401 1599 1506 1640 iuris
1531 1598 1825 1640 imitacionem
1849 1599 2035 1654 probate
2050 1599 2107 1640 920

298 1674 382 1716 vite
415 1675 455 1714 et
478 1674 610 1714 Deum
635 1673 833 1713 timentes
856 1673 908 1712 ad
933 1672 1073 1721 tinem„
1107 1673 1158 1711 ad
1183 1684 1312 1723 quem
1335 1671 1655 1725 ‹animantia-¹¹),
1690 1683 1816 1711 suuni
1841 1669 2034 1712 officium

298 1743 598 1794 exel'cellles.3)
662 1743 710 1783 In
753 1743 831 1782 hoc
873 1742 1053 1782 articulo
1095 1741 1310 1793 provideri
1358 1741 1515 1793 poterit
1556 1754 1634 1794 per
1676 1740 1818 1794 prima
1857 1741 2036 1795 provin-

297 1813 418 1855 cialia
457 1816 529 1854 aut
568 1812 786 1862 synodalia
824 1812 1005 1852 eoncilia
1042 1812 1314 1853 celebranda.
1370 1812 1417 1852 1⁴11
1455 1812 1628 1853 fundari
1662 1812 1822 1865 poterit
1855 1825 1905 1853 ex
1939 1812 2035 1864 hoe,

298 1884 411 1936 quod
444 1886 529 1924 tam
561 1883 702 1936 ampla
734 1882 967 1923 multitudo
1001 1883 1043 1922 in
1076 1883 1236 1923 bonum
1277 1896 1361 1923 non
1396 1882 1506 1923 redit
1539 1884 1605 1924 set
1637 1882 1681 1923 in
1713 1895 1961 1936 gravamem
1993 1884 2036 1924 et

299 1954 601 1994 detrimentum
643 1953 927 1997 subditorum,
972 1953 1194 2005 potissime
1240 1954 1416 2006 quando
1456 1954 1594 1995 Deum
1645 1967 1723 2007 pre
1769 1954 1908 1996 oculis
1948 1951 2106 1995 1101125

298 2024 455 2064 habent
486 2024 559 2064 sed
592 2037 669 2064 sua
699 2024 934 2064 commoda.

416 2093 456 2146 [ξ
489 2094 561 2147 QG]
620 2093 727 2134 Item
760 2097 1040 2146 proponatur,
1074 2095 1188 2147 quod
1223 2095 1265 2135 in
1298 2096 1451 2147 pinnis
1475 2095 1670 2137 conciliis
1692 2094 2038 2149 provincialibus

299 2165 371 2204 aut
408 2164 682 2215 synodalibus
719 2164 989 2205 celebrandis
1029 2166 1245 2206 statuatur
1283 2166 1488 2206 omnibus
1526 2166 1776 2208 huiusmodi
1813 2165 2038 2209 officiariis

300 2233 377 2273 sub
415 2247 525 2286 pena
561 2235 1019 2276 excommunicacionis
1059 2235 1294 2288 precipere,
1345 2239 1389 2277 ut
1430 2237 1557 2278 niodo
1596 2238 1639 2279 et
1676 2238 1815 2279 forma
1858 2236 1904 2278 in
1942 2237 2038 2278 iure
2125 2282 2127 2284 ,

299 2302 507 2343 contentis
553 2304 592 2343 et
641 2317 722 2344 non
770 2305 895 2345 aliter
939 2318 1063 2346 suum
1106 2310 1331 2348 exerceant
1373 2308 1579 2349 osticium.
1643 2308 1696 2349 Et
1739 2308 1820 2350 hoc
1862 2306 2037 2350 fundari
2053 2305 2110 2347 30
2212 2351 2216 2365 1

299 2373 453 2425 poterit
485 2387 534 2413 ex
565 2374 770 2414 abusibus
802 2376 1080 2426 permaximis
1112 2389 1191 2429 per
1224 2378 1472 2419 huiusmodi
1505 2378 1741 2420 officiarios
1772 2378 2038 2432 perpetratis
2211 2377 2216 2436 1

301 2455 385 2482 non
417 2443 540 2483 modo
572 2446 612 2483 et
643 2444 788 2495 forma,
822 2445 976 2497 quibus
999 2446 1040 2486 in
1064 2447 1171 2497 iure,
1205 2461 1329 2488 suum
1354 2448 1544 2490 officium
1568 2451 1835 2491 exercentes.
1883 2449 1938 2490 Et
1958 2461 2039 2503 per

299 2515 610 2564 proponentem
643 2513 835 2555 videatur
868 2516 919 2556 de
950 2516 1036 2558 tine
1068 2518 1316 2560 huiusmodi
1342 2519 1474 2560 oflicii
1498 2520 1740 2562 seeundum
1765 2519 1874 2561 iuris
1895 2518 2039 2561 inten—

302 2581 465 2622 cionem
498 2584 539 2623 et
570 2583 621 2623 de
653 2585 838 2637 propriis
870 2586 1036 2628 artibus
1069 2588 1319 2631 huiusmodi
1353 2589 1498 2631 oflicii.

2209 1174 2216 1330 .-—..--

415 2744 444 2776 a)
464 2744 628 2771 ordinatur
647 2746 681 2772 Β.
2053 2754 2108 2797 35

420 2803 444 2846 ¹)
470 2801 597 2836 Son-cit
620 2804 934 2840 iibereinseimnwml
956 2809 1015 2842 mit
1033 2809 1119 2855 Καρ.
1143 2811 1183 2843 19
1200 2811 1263 2845 (lel-
1281 2811 1365 2856 Cap.
1383 2813 1508 2857 agend.
1560 2813 1628 2848 Dia
1651 2813 1895 2848 Memlae'kanten
1919 2812 2040 2847 hatten

302 2857 448 2902 vicffaelt
471 2862 631 2903 yrii-sscre
657 2862 859 2899 Falsultiiteu
884 2867 936 2899 als
961 2867 1014 2900 ‹lic›
1039 2869 1297 2912 ycwiilmlielwn
1334 2870 1631 2916 ll'cltyee‘stlicleen.

420 2929 446 2966 ²)
472 2928 600 2964 Sowcic
623 2932 938 2970 ϋὸενείηδείηιηιωιιῐ
958 2938 1019 2972 mit
1042 2938 1130 2984 K‘lP·
1155 2939 1203 2973 20
1226 2940 1290 2974 (lcr
1316 2941 1400 2986 Cap.
1426 2942 1551 2987 agend.

419 2998 449 3050 3)>
471 2997 599 3034 Soweit
620 3001 938 3040 &bereinstimvwnd
959 3008 1020 3042 mit
1042 3008 1131 3056 Kap.
1155 3008 1204 3044 20
1227 3011 1290 3045 (Ier
1316 3011 1400 3057 Cap.
1425 3013 1550 3059 agend.
