2216 3432
411 177 449 214 O.
475 176 672 219 Mzssatesta,
698 176 834 222 Gregor
859 176 941 213 XII.
968 177 1040 211 und
1068 177 1244 212 Benedikt
1269 177 1370 214 XIII.
1401 178 1646 215 1410—1413.
1674 179 1734 215 Nr.
1761 179 1794 213 9.
1955 168 2009 211 57

229 287 274 328 et
306 285 424 328 dicat
456 286 641 340 propter
673 284 743 327 sui
775 284 886 326 iuris
910 284 1211 327 diffidenciam
1236 286 1370 340 atque
1393 287 1636 340 propterea
1667 285 1753 328 ista
1784 286 2012 335 obtulerit,

228 358 504 412 protestatur
541 356 638 411 ipse
677 369 795 411 papa
832 355 1083 410 Gregorius,
1123 356 1242 410 quod
1279 369 1361 410 per
1398 357 1548 398 oblata
1585 363 1675 399 non
1713 356 1906 399 intendit
1937 371 2011 399 ex-

227 428 408 470 cludere
441 439 756 482 quamcunque
789 426 919 469 aliam
943 426 1056 469 viam
1090 426 1420 481 racionabilem,
1453 440 1533 481 per
1554 441 1687 482 quam
1711 441 1816 470 vera
1848 428 2012 471 reinte-

227 500 373 554 gracio
405 498 557 541 haberi
599 498 743 553 possit
780 498 825 539 in
871 498 1059 541 ecelesia
1096 501 1251 541 sancta
1283 500 1361 541 Dei
1404 501 1448 541 et
1481 513 1585 542 vera
1623 499 1730 541 unio
1773 502 1815 541 et
1847 513 1934 553 pax
1967 501 2012 541 et

187 567 509 625 5tranquilitas
550 570 597 612 in
635 570 802 625 populo
841 570 1104 623 christiano,
1153 571 1263 624 quin
1306 584 1451 625 ymmo
1494 571 1577 613 hoc
1624 570 1786 624 iugiter
1832 572 1877 613 et
1918 573 2010 613 toto

228 656 360 698 posse
392 657 418 685 a
451 642 630 684 domino
665 641 893 696 deprecari
923 641 1118 683 intendit
1157 644 1200 684 et
1243 655 1344 684 cum
1378 642 1634 684 hominibus
1668 643 2011 697 quibuscunque

227 728 280 757 ea
310 716 404 757 tota
434 713 679 756 valitudine
710 726 964 767 procurare.

347 786 441 828 Nec
473 784 660 827 miretur
692 774 952 839 quisquam,
985 784 1023 826 si
1053 798 1171 839 papa
1204 774 1442 838 Gregorius
1475 785 1731 828 huiusmodi
1763 785 2012 827 universale

228 857 464 902 concilium
497 857 609 911 petit
642 856 920 910 congregari,
961 870 1062 898 cum
1099 858 1164 898 tot
1198 856 1293 899 eius
1327 857 1418 898 sint
1451 857 1694 899 adversarii
1726 857 1830 900 facti
1869 858 1913 898 et
1960 870 2012 899 ex

159 923 213 964 10
227 929 518 983 consequenti
551 928 789 970 scismatici
829 930 872 970 et
905 929 1092 982 propter
1130 929 1211 969 hoc
1245 929 1332 970 duo
1365 929 1603 971 videantur
1644 928 2013 971 inconveniencia

227 1002 376 1056 sequi:
420 1000 619 1043 Primum
660 1002 727 1041 est
760 1013 983 1054 apparens
1017 1000 1290 1043 exorbitacio
1324 999 1457 1052 iuris,
1498 1002 1603 1054 quia
1627 1000 1865 1043 scismatici
1889 999 2012 1054 equi-

226 1075 442 1128 perantur
475 1071 659 1126 paganis
683 1073 723 1112 et
747 1072 990 1125 propterea
1022 1085 1113 1114 non
1147 1073 1364 1115 deberent
1387 1072 1571 1114 concilio
1595 1072 1788 1125 admitti,
1821 1072 2013 1114 habetur

226 1145 306 1188 VII
334 1145 582 1198 questione,
625 1143 767 1197 primo
814 1142 1034 1197 capitulo:
1083 1143 1256 1198 denique
1297 1147 1342 1186 et
1380 1158 1512 1186 versu
1551 1144 1748 1185 ostendit:
1795 1142 1850 1183 Et
1884 1157 2013 1198 supra

227 1216 344 1257 homo
382 1214 466 1257 Dei
496 1215 671 1270 punitus
712 1221 773 1255 est
809 1229 949 1255 morsu
987 1215 1132 1265 leonis,
1177 1216 1276 1270 quia
1317 1230 1407 1256 cum
1448 1216 1694 1256 scismaticis
1734 1221 1878 1256 contra
1914 1228 2013 1269 pre-

158 1279 211 1322 15
228 1295 383 1343 ceptum
415 1286 571 1327 domim?
594 1300 782 1341 pransus
815 1292 882 1329 est.
934 1287 1139 1329 Habetur
1173 1288 1328 1329 eadem
1361 1301 1508 1339 causa,
1543 1287 1779 1341 questione
1813 1287 1858 1328 et
1891 1286 2012 1339 capi-

226 1359 333 1411 tulo,
366 1372 517 1401 versu:
551 1364 596 1398 ut
625 1358 720 1399 inde
752 1356 1047 1413 reqrediensst)
1112 1359 1189 1401 Set
1228 1360 1309 1400 hec
1348 1358 1634 1412 intelligenda
1676 1360 1780 1401 sunt
1820 1359 1874 1400 de
1908 1358 2012 1399 sub-

227 1430 351 1482 ditis,
393 1443 483 1472 non
526 1432 675 1472 autem
718 1430 771 1471 de
811 1429 911 1481 illo,
953 1431 1029 1484 qui
1062 1430 1204 1472 vicem
1237 1426 1477 1484 eius'gerit
1518 1430 1563 1472 in
1597 1430 1747 1481 terris,
1790 1430 1847 1472 ad
1879 1443 2012 1483 quem

227 1501 386 1543 mulier
419 1501 702 1543 Samaritana
741 1500 908 1555 inquit:
942 1499 1151 1552 Quomodo
1175 1508 1230 1551 tu,
1266 1500 1426 1542 judeus
1468 1516 1559 1541 cum
1597 1503 1668 1550 sis,
1711 1500 1849 1542 bibere
1889 1516 1915 1540 a
1950 1515 2013 1541 me

223 1573 374 1627 poscis,
409 1586 483 1627 que
514 1586 605 1612 sum
636 1572 786 1612 mulier
821 1570 1126 1612 Samaritana?
1186 1570 1281 1612 Non
1314 1574 1421 1613 em'm
1453 1579 1671 1612 coutuntur
1703 1571 1829 1613 Judez‘
1862 1570 2013 1612 Sama-

158 1637 437 1697 2Or2'tani3.2)
501 1643 708 1685 Attendit
750 1656 853 1697 ergo
893 1645 1114 1697 quantum
1154 1644 1271 1686 circa
1310 1644 1500 1698 primam
1541 1647 1716 1698 partem
1754 1656 1872 1697 papa
1904 1643 2013 1685 Gre-

228 1716 393 1769 gorius,
427 1715 548 1769 quod
580 1728 668 1756 non
703 1714 787 1756 sibi
818 1714 1039 1757 iusticiam
1072 1715 1233 1757 siciens
1267 1717 1336 1757 set
1368 1715 1552 1769 ceteris,
1585 1716 1662 1769 qui
1695 1716 1804 1769 potu
1838 1714 2011 1756 iusticie

229 1787 356 1829 sitire
389 1787 570 1838 debent,
604 1799 767 1840 aquam
799 1800 824 1828 a
847 1787 1129 1829 Samaritana
1160 1787 1274 1841 petit
1306 1801 1357 1829 ex
1390 1789 1525 1842 puteo
1555 1788 1704 1839 Jacob,
1739 1788 1787 1828 ut
1819 1787 1865 1827 in
1898 1799 2013 1827 mer-

228 1859 383 1901 cedem
414 1858 581 1900 tribuat
613 1871 775 1912 aquam
808 1858 943 1900 fontis
975 1858 1063 1900 vivi
1098 1858 1297 1900 salientis
1329 1858 1375 1900 in
1407 1860 1544 1901 vitam
1578 1861 1790 1901 eternam.

348 1931 559 1972 Preterea
612 1929 814 1983 quamvis
868 1929 965 1984 ipse
1017 1943 1135 1983 papa
1188 1931 1425 1984 Gregorius
1485 1930 1634 1972 videat
1695 1929 2012 1984 multiplicatos

159 1993 214 2034 25
229 2002 313 2045 sibi
345 2002 439 2045 fore
484 2001 764 2044 adversarios
806 2002 1043 2043 coniuncto
1076 2002 1317 2045 Baldasare
1357 2002 1565 2057 ipsorum
1594 2002 1704 2044 alios
1749 2000 2012 2042 muneribus

229 2074 456 2129 allectosa)
490 2075 533 2115 et
566 2073 676 2115 alios
711 2075 881 2115 terrore
915 2074 1175 2116 coniunctos
1209 2087 1290 2116 nec
1322 2074 1417 2116 sine
1451 2087 1610 2127 magno
1643 2073 1840 2128 periculo
1862 2072 2013 2114 videa-

158 2170 164 2176 ·
205 2147 300 2188 'tur
330 2145 424 2187 fieri
456 2158 588 2199 posse
619 2144 740 2199 ipsos
763 2145 1000 2187 admittere
1035 2146 1091 2187 ad
1123 2145 1374 2198 concilium,
1408 2159 1464 2187 ne
1497 2145 1660 2187 iustam
1683 2147 1836 2187 sancte
1860 2143 2012 2185 matris

229 2218 414 2260 ecclesie
447 2230 624 2259 causam
649 2217 815 2268 ledant,
856 2217 1117 2259 deliberavit
1141 2219 1306 2271 tamen,
1338 2231 1528 2259 cernens
1553 2231 1642 2259 11011
1665 2217 1797 2258 aliter
1830 2216 2013 2258 comode

228 2289 451 2343 perveniri
494 2301 625 2342 posse
667 2289 722 2330 ad
760 2289 944 2330 totalem
985 2288 1381 2343 reintegraeionem
1422 2288 1578 2343 populi
1618 2287 1847 2330 christiani
1886 2300 2013 2340 spem

159 2349 426 2402 30divinam
467 2361 660 2402 humano
703 2359 862 2403 timore
909 2374 1172 2415 preponere.
1252 2360 1449 2403 Confidit
1497 2374 1714 2414 namque,
1758 2359 1878 2413 quod
1917 2359 2012 2400 eius

231 2446 319 2475 non
361 2432 418 2474 sit
455 2431 628 2474 minuta
664 2432 841 2474 bonitas
880 2445 961 2474 nec
1005 2432 1230 2475 exinanita
1272 2433 1499 2487 potencia,
1540 2432 1619 2486 qui
1652 2432 1835 2473 Balaam
1873 2429 2012 2471 filium

229 2503 346 2545 Beor
388 2517 476 2545 non
519 2503 721 2557 permisit
761 2505 945 2558 propter
987 2517 1145 2558 preces
1183 2506 1228 2546 et
1275 2517 1464 2547 munera
1502 2503 1668 2546 Balach
1716 2502 1796 2544 filii
1839 2501 2012 2555 Sephor

230 2574 494 2617 maledicere
527 2575 745 2629 populum
777 2576 968 2627 Israhel,
1007 2578 1077 2618 set
1109 2575 1156 2617 in
1189 2589 1264 2617 ore
1298 2575 1441 2630 ipsius
1472 2574 1830 2617 benedictionem
1863 2572 2014 2626 posuit

231 2658 313 2699 pro
346 2645 669 2688 maledictione.
683 2646 720 2702 3)
767 2646 1022 2700 Sicquidem
1057 2648 1219 2701 sperat,
1254 2647 1389 2701 quod,
1423 2646 1524 2689 licet
1557 2646 1795 2688 multitudo
1830 2656 2014 2686 munera

161 2706 215 2748 35
232 2717 499 2770 susceperit,
544 2717 680 2760 dicet:
742 2716 808 2759 De
856 2717 990 2758 Aram
1038 2716 1220 2773 eduxit&
1258 2733 1321 2760 me
1365 2717 1532 2759 Balach
1579 2732 1653 2758 rar
1701 2714 2013 2756 Molzabitarum

231 2788 279 2830 de
309 2787 517 2829 montibus
549 2789 729 2830 orientis.
801 2786 913 2840 Veni,
946 2790 1091 2845 inquit,
1124 2790 1301 2831 maledic
1334 2788 1465 2830 Jacob
1473 2820 1485 2840 ‚
1519 2803 1701 2844 propera
1739 2795 1777 2828 et
1817 2786 2014 2827 detestare

349 2907 379 2940 a)
400 2906 529 2934 alectus
550 2907 586 2934 B.
660 2906 693 2941 b)
714 2906 831 2935 aduxit
850 2909 887 2935 B.

353 2955 380 2998 ¹)
410 2954 563 2989 Decrect'
580 2967 618 3001 p.
644 2954 688 2989 II
708 2967 738 2989 c.
765 2955 787 2990 9
814 2967 845 2990 e.
885 2954 950 2990 VII
970 2969 1025 3001 qu.
1052 2955 1081 2999 I,
1108 2956 1210 2991 scark
1236 2956 1439 2991 verc'c‘mlert.

354 3014 383 3055 2)
409 3013 589 3049 Jolaeannes
616 3014 638 3049 4
665 3014 684 3048 b
711 3014 744 3049 9.
1440 3039 1442 3041 -

161 3074 218 3118 40
352 3073 380 3118 ³)
406 3072 497 3109 Dies
525 3074 595 3111 and
616 3074 681 3109 das
707 3073 885 3123 Folyende
912 3087 976 3110 aas
1003 3074 1150 3113 Numeri
1173 3075 1232 3112 23.
