2216 3432
225 138 310 180 278
545 144 608 179 III.
633 142 830 176 Abschnitt.
881 137 1153 184 Vorgeschichte
1178 137 1239 170 des
1264 137 1488 170 Konstanzer
1511 135 1671 171 Konzils.

227 267 338 308 opus
374 251 650 294 dissimulare
689 261 769 289 nec
801 245 974 288 tacendi
1007 244 1206 294 libertas,
1239 242 1310 284 cui
1343 243 1465 284 tante
1498 241 1734 283 christiane
1766 239 1987 293 religionis

229 325 347 366 zelus
390 320 616 364 incumbit.
661 351 669 360 .
705 351 713 359 .
748 350 757 359 .
799 317 853 358 Et
896 315 1009 357 sicut
1049 314 1234 355 verbum
1275 312 1500 354 incautum
1532 312 1578 353 in
1611 324 1808 353 errorem
1838 310 1988 363 trahit,

228 395 289 436 ita
328 393 614 435 indiscretum
656 388 886 430 silencium
926 399 1015 436 OOS,
1059 385 1133 437 qui
1173 383 1337 425 erudiri
1371 383 1590 435 poterant,
1625 395 1730 436 sepe
1762 381 1807 423 in
1840 394 1989 423 errore

230 462 507 516 derelinquit.
585 461 639 502 Et
687 458 888 513 supplico
936 455 1164 497 humiliter
1221 456 1363 495 vestre
1382 454 1418 507 ¹¹)
1478 452 1698 505 imperiali
1746 452 1989 503 maiestati,

229 536 446 588 quatenus
468 532 600 574 verba
622 543 717 572 mea
740 529 960 581 gratanter
984 526 1181 578 recipere
1205 524 1407 577 dignetur
1431 524 1474 564 et
1495 522 1604 577 ipsa,
1635 523 1746 564 sicut
1768 520 1990 576 placuitb)‚
2005 522 2031 563 5

233 604 445 657 corrigere
496 604 538 643 et
583 601 803 653 supplere.
879 597 989 638 Nam
1029 597 1146 637 Deus
1189 597 1320 649 now)
1363 608 1434 642 ea,
1484 607 1570 647 que
1613 593 1880 641 offeruntur,
1924 595 1991 635 set

231 675 478 717 voluntates
520 670 695 725 respicit
736 667 1017 711 offer-ericium
1063 698 1071 706 .
1106 696 1115 704 .
1150 700 1157 707 .
1203 665 1271 705 Ad
1321 667 1512 706 vestram
1563 664 1680 705 enim
1719 663 1991 717 imperialem

234 745 505 787 maiestatem
538 741 744 795 precipue
777 742 819 780 et
852 738 1037 779 aliorum
1073 749 1217 786 regum
1254 735 1381 776 hodic
1414 736 1459 776 in
1492 735 1573 776 hoc
1596 734 1714 788 gravi
1738 734 1992 776 discrimine

233 815 442 857 debemus
463 826 541 854 nos
560 811 718 864 prelati
743 810 904 851 habere
931 808 1157 860 refugium.
1195 807 1305 847 Nam
1330 805 1442 847 sicut
1466 806 1519 846 ad
1539 805 1825 847 stabilitatem
1845 805 1992 848 firma-

233 885 367 926 menti
400 882 621 926 ordinarit
655 882 771 922 Deus
817 880 952 921 solem
998 882 1041 919 et
1084 879 1246 920 lunam,
1291 877 1353 917 ita
1395 877 1450 917 ad
1483 876 1771 918 stabilitatem
1810 877 1993 919 ecclesie
2014 875 2065 917 10

232 954 463 997 militantis
506 952 724 994 ordinavit
767 950 1079 991 sacerdotalem
1125 948 1381 1000 dignitatem
1416 949 1458 988 et
1491 947 1680 1000 regalem
1712 949 1993 1001 potestatem,

302 1056 311 1065 .
345 1028 406 1073 ut,
441 1025 557 1078 quod
591 1036 676 1064 non
711 1023 895 1075 possunt
926 1020 1177 1061 sacerdotes
1201 1032 1406 1072 reparare
1430 1031 1509 1071 per
1533 1017 1731 1059 doctrine
1755 1031 1994 1067 sermones,

232 1110 353 1150 reges
385 1093 516 1150 hocd)
554 1095 771 1147 imparent
814 1105 892 1145 per
935 1090 1167 1143 discipline.
1211 1092 1419 1131 terrorem
1465 1121 1473 1129 .
1509 1121 1517 1129 .
1553 1121 1561 1129 .
1606 1088 1677 1130 Ad
1713 1102 1835 1142 reges
1878 1089 1994 1131 enim

236 1168 405 1220 spectat
439 1165 664 1207 ecclesiam
698 1166 881 1204 matrem
915 1175 1051 1204 suam.
1087 1162 1139 1202 dc
1173 1174 1260 1214 qua
1293 1160 1583 1212 spiritualiter
1613 1159 1854 1213 regenerati
1878 1162 1995 1210 sunt,

234 1236 465 1290 pacificare
515 1238 556 1276 et
608 1235 641 1275 si
693 1247 778 1274 non
824 1234 1203 1275 coinmoverentur
1260 1233 1412 1272 eontra
1461 1229 1749 1285 dissipatores
1797 1228 2065 1279 ecclesie,l5

236 1307 409 1360 qualem
442 1308 619 1358 possent
655 1305 837 1345 reddere
872 1304 960 1344 Deo
996 1302 1211 1343 racionem
1247 1302 1299 1342 de
1333 1302 1518 1355 imperio
1552 1314 1643 1342 suo.
1668 1330 1677 1340 .
1704 1335 1710 1342 .
1738 1333 1746 1342 .
1772 1302 1997 1343 Protestor

234 1380 396 1428 tamen,
446 1377 575 1429 quod,
625 1375 657 1415 si
693 1388 743 1415 ex
777 1374 1107 1415 inadvertencia
1150 1373 1216 1413 rel
1251 1372 1360 1414 alias
1394 1372 1559 1426 aliquid
1600 1372 1832 1425 scripsero,
1879 1372 1998 1425 quod

238 1462 262 1490 a
294 1447 574 1489 conclusione
608 1448 649 1486 et
682 1444 1045 1485 determinatione
1080 1444 1189 1484 sacri
1225 1443 1396 1484 concilii
1420 1442 1636 1497 generalis
1662 1442 1811 1485 Pisani
1835 1443 1998 1484 discre-

235 1520 358 1570 paret
402 1517 563 1557 directe
604 1516 669 1557 vel
703 1516 931 1562 indirecte,
966 1514 1099 1555 tacite
1132 1515 1198 1555 vel
1234 1526 1453 1567 expresse,
1487 1515 1568 1556 hoc
1601 1514 1698 1555 volo
1733 1513 1884 1556 haberi
1918 1526 1998 1567 pro

237 1601 321 1628 non
355 1588 472 1628 dicto
495 1588 564 1639 vel
598 1587 762 1640 scripto
797 1621 804 1627 .
832 1618 839 1626 .
867 1618 874 1626 .
910 1586 1002 1626 Nec
1034 1586 1130 1626 volo
1165 1585 1301 1626 solem
1328 1585 1496 1627 facibus
1519 1585 1712 1637 iuva1·e‘¹)
1737 1597 1817 1625 nec
1841 1584 1998 1626 docere
2013 1583 2070 1625 ΞΟ

236 1658 486 1698 Minervam.
522 1655 711 1708 Fateor‘)
733 1659 892 1698 tamen.
913 1657 1030 1709 quod
1051 1656 1196 1708 regule
1217 1657 1468 1697 sanctorum
1489 1658 1665 1709 patrum
1684 1667 1765 1708 pro
1784 1657 1998 1708 tempore,

234 1741 312 1781 pro
332 1729 437 1779 loco,
462 1741 540 1780 pro
564 1740 751 1781 persona
774 1730 814 1768 et
840 1727 1018 1780 negocio
1043 1727 1236 1767 instante
1264 1726 1531 1768 necessitate
1555 1725 1873 1768 considerande
1897 1727 2000 1767 sunt

304 1830 312 1838 .
348 1798 517 1839 Nimius
558 1797 673 1838 enim
709 1798 821 1850 rigor
856 1811 942 1839 non
975 1797 1189 1839 illuminat
1227 1811 1378 1839 cecum
1411 1810 1489 1839 nec
1514 1799 1640 1839 sanat
1664 1798 1877 1850 egrotum,
1911 1809 2000 1837 non

235 1871 358 1910 curat
396 1868 618 1909 infirmum
665 1871 729 1909 set
776 1869 912 1921 inagis
954 1868 1111 1909 occidit
1157 1871 1291 1922 atque
1334 1870 1378 1910 in
1422 1867 1774 1922 desperationem
1825 1866 1997 1921 pericli·

235 1941 398 1980 tantem
434 1939 571 1980 mittit
605 1971 613 1979 .
649 1971 657 1979 .
693 1971 701 1979 .
736 1939 846 1980 Nam
881 1952 967 1980 non
1002 1940 1142 1980 solum
1178 1939 1251 1980 ille
1296 1939 1495 1992 proditor
1528 1941 1639 1991 est“)
1675 1938 1882 1987 veritatis,
1924 1937 2000 1992 qui
2016 1937 2071 1979 25

235 2010 564 2062 transgrediens
598 2011 829 2051 veritatem
862 2023 941 2062 pro
975 2010 1156 2051 veritate
1190 2011 1335 2064 palam
1369 2010 1647 2052 mendacium
1681 2010 1890 2063 loquitur,
1924 2009 2002 2050 sed

236 2083 278 2121 et
319 2080 403 2131 ille,
458 2081 533 2134 qui
575 2095 663 2123 non
714 2082 849 2123 libere
887 2081 1116 2123 veritatem
1163 2082 1373 2132 defendit,
1415 2095 1547 2135 quam
1587 2081 1724 2122 libere
1767 2080 2003 2122 defendere

238 2152 439 2193 convenit
482 2153 526 2193 et
566 2152 679 2193 sicut
717 2153 922 2194 sacerdos
956 2153 1129 2193 debitor
1173 2155 1253 2202 cst,
1298 2155 1343 2194 ut
1387 2152 1633 2202 veritatem,
1667 2164 1800 2205 quam
1833 2149 2003 2192 audivit

239 2234 262 2262 a
295 2222 398 2271 Dec,
432 2222 568 2263 libere
602 2223 814 2276 predicet,
856 2223 915 2263 ita
947 2223 1152 2276 princeps
1187 2224 1324 2265 laicus
1358 2223 1532 2266 debitor
1564 2225 1644 2274 est,
1678 2224 1726 2264 ut
1759 2221 2002 2273 veritatem,

237 2304 367 2344 quam
392 2292 526 2343 audit,
564 2306 588 2333 a
620 2294 923 2335 sacerdotibus
957 2294 1185 2347 probatam
1219 2295 1397 2348 quidem
1410 2293 1448 2350 ¹¹)
1479 2294 1524 2335 in
1557 2292 1789 2347 scripturis
1821 2291 2003 2334 fiducia·
2019 2291 2075 2333 30

238 2359 378 2416 literi)
422 2362 647 2414 defendat3
688 2365 803 2417 quod
837 2364 872 2405 si
907 2378 994 2405 non
1027 2365 1191 2417 fecerit,
1235 2365 1383 2419 prodit
1421 2365 1654 2407 veritatem
1696 2395 1704 2405 .
1740 2395 1750 2405 .
1783 2395 1792 2405 .
1833 2363 1888 2405 Et
1920 2362 2002 2404 scit

238 2432 369 2483 Deus,
402 2434 519 2485 quod
551 2433 639 2485 illa,
674 2448 759 2488 que
792 2435 949 2485 scribe,
983 2449 1071 2477 non
1105 2436 1201 2477 dico
1228 2436 1272 2477 in
1297 2436 1447 2478 odium
1472 2435 1776 2490 cuiuscunque
1799 2432 2003 2486 viventis,

238 2516 339 2544 nam
371 2503 470 2546 odio
503 2504 664 2546 debent
699 2506 850 2547 haberi
883 2508 1062 2560 peccata
1094 2520 1182 2549 non
1216 2507 1419 2549 homines
1443 2538 1453 2548 .
1488 2538 1497 2548 .
1532 2538 1541 2548 .

355 2584 412 2639 [1]
470 2586 619 2628 Fidei
653 2588 974 2631 sinceritate
1006 2602 1277 2643 nunquam
1312 2589 1645 2632 recederent.
1705 2586 1904 2641 Litigiosi
1937 2586 2005 2629 vel

239 2655 570 2698 adulacionibus
618 2659 788 2700 animos
835 2659 1089 2714 principum
1134 2660 1218 2701 sibi
1265 2660 1502 2702 conciliant
1542 2660 1612 2702 vel
1654 2658 1865 2701 fratribus
1912 2658 2005 2700 suis
2021 2645 2076 2687 35

240 2725 512 2767 detrahendo
563 2727 740 2770 infamie
789 2732 935 2772 notam
979 2730 1207 2785 ingerunt,
1259 2731 1329 2773 vel
1379 2731 1508 2776 inter,
1537 2731 1697 2774 fratres
1740 2728 2005 2778 discordiam

241 2794 496 2839 seminando
540 2798 807 2842 sedicionem
853 2814 1082 2855 nunquam
1127 2802 1270 2843 facere
1313 2802 1488 2844 cessant
1529 2832 1539 2843 .
1573 2833 1583 2843 .
1618 2834 1626 2844 .
1668 2800 1746 2843 Set
1785 2811 1866 2854 per
1903 2811 2007 2854 pro-

356 2972 388 3005 a)
412 2971 498 2999 Fehlt
523 2972 561 2999 D.
620 2973 654 3007 b)
679 2973 843 3008 placuerit
868 2976 896 3003 Ο.
951 2977 981 3010 c)
1006 2975 1094 3003 relat
1119 2977 1148 3004 C'.
1203 2975 1235 3011 d)
1261 2976 1349 3004 Fehlt
1374 2977 1413 3005 D.
1474 2978 1504 3011 ο)
1529 2975 1683 3006 adiurare
1708 2975 1739 3004 0.
1791 2974 1817 3008 f)
1842 2974 1932 3005 fatuo
1964 2973 2008 3004 D.

229 3018 272 3054 .g)
291 3017 378 3045 Fam
397 3019 436 3046 D.
472 3018 505 3055 h)
526 3019 659 3055 quidam
678 3022 716 3050 D.
752 3022 775 3058 i)
796 3022 859 3051 def.
878 3022 1082 3053 fiducialiter
1102 3023 1142 3051 D.
