2216 3432
229 208 282 248 70
622 207 648 240 1.
674 203 865 239 Abschnitt.
914 193 1331 236 Unionsverbandlungen
1357 191 1410 224 bis
1439 190 1540 224 1413.

230 322 265 363 si
296 318 548 373 opponatur,
579 311 692 365 quod
722 320 818 350 cum
847 301 1060 346 induratis
1091 299 1220 341 corde
1252 309 1413 350 parvus
1438 294 1550 336 valet
1582 293 1807 346 profectus
1839 288 1950 342 fieri,

231 389 383 431 deinde
414 396 580 439 quoque
618 394 668 422 ex
698 375 919 430 scripturis
951 371 1181 423 verbisque
1220 367 1331 408 meis
1373 365 1481 407 satis
1519 361 1777 417 persuaderi
1820 373 1951 414 posse

231 456 565 501 adversariorum
601 445 895 491 huiuscemodi
934 443 1083 484 adesse
1123 437 1350 486 duriciem,
1395 436 1508 476 hanc
1548 446 1704 486 nempe
1746 430 1949 473 diffiteor.

234 525 471 569 Nonnullos
507 523 697 574 ipsorum
751 514 989 563 ambulare,
1036 507 1431 563 quemdadmodum
1471 505 1638 546 utinam
1678 515 1765 543 non
1796 501 1952 543 ambu-

230 598 380 646 larent,
413 606 497 635 non
519 602 664 633 omnes
687 600 799 636 vero,
831 583 932 637 quin
955 593 1094 632 ymmo
1116 578 1325 632 plurimos
1357 588 1507 617 eorum
1532 587 1619 615 non
1651 572 1710 614 sic
1734 571 1952 625 incedere,
1967 570 1991 611 5

235 665 357 707 dictis
389 677 437 704 ex
468 661 573 703 meis
604 657 708 700 satis
741 655 921 698 faciliter
952 649 1258 704 comprehendi
1292 647 1419 687 valet.
1489 645 1543 686 Et
1583 645 1739 685 horum
1772 643 1952 696 quidem

235 733 358 776 saluti
388 731 549 774 occurri
582 726 794 781 supplico,
834 738 886 765 ne
918 722 1032 775 vigili
1066 719 1318 761 seductione
1361 717 1554 769 ipsorum
1587 716 1755 756 mentes
1787 714 1843 755 ad
1874 713 1953 755 bo-

233 817 336 845 num
367 800 531 842 unionis
571 811 648 851 pro
680 797 790 837 bono
827 792 1026 835 existenti
1066 802 1281 843 apparens
1320 784 1595 838 susceperint
1639 786 1682 826 et
1715 784 1777 825 sic
1811 783 1953 826 delusi

235 871 463 915 christiane
494 866 706 920 religionis
743 865 829 906 zelo
867 858 1068 916 pretenso
1106 858 1337 900 christiane
1375 857 1483 898 fiant
1515 855 1713 896 veritatis
1746 867 1953 908 persecu—

236 945 347 983 tores
378 941 475 993 plus
506 939 594 979 suis
617 935 871 978 doctoribus.
897 966 905 974 .
930 964 938 972 .
974 929 1216 972 Convencio
1240 930 1382 969 vestra
1413 940 1511 967 cum
1545 926 1721 967 domino
1744 925 1954 978 Gregorio
1974 927 2025 966 10

236 1025 321 1052 non
351 1009 481 1062 magis
512 1019 679 1060 papam,
702 1018 827 1057 quam
859 1016 969 1043 nunc
1001 1002 1068 1046 sit,
1102 1000 1239 1041 facere
1274 1000 1414 1051 potest
1447 998 1512 1037 set
1537 1010 1670 1037 unum
1705 1010 1728 1037 a
1751 995 1955 1049 pluribns

237 1081 455 1132 receptum
486 1078 603 1128 forte,
635 1077 843 1128 quantum
880 1072 935 1114 sit
966 1071 1163 1113 dominus
1196 1068 1427 1119 Gregorius
1467 1070 1540 1109 aut
1579 1081 1667 1108 vos.
1718 1068 1876 1108 Verum
1911 1068 1956 1108 et

238 1151 273 1190 si
310 1150 454 1202 plures
494 1145 756 1188 assenserint
795 1142 984 1197 pontifici
1024 1155 1123 1182 vero
1170 1140 1405 1193 phiresque
1448 1138 1609 1179 suerint
1656 1138 1855 1178 conversi
1899 1137 1954 1178 ad

235 1219 469 1267 veritatem,
501 1217 643 1268 plures
675 1229 724 1256 ex
755 1215 834 1254 hoc
866 1212 1195 1254 indurabuntur.
1245 1210 1354 1251 Nam
1379 1211 1613 1261 postquam
1645 1222 1691 1249 se
1715 1221 1956 1261 conspexe-

237 1289 322 1329 rint
352 1299 436 1327 non
469 1286 716 1327 convocatos
739 1297 833 1324 cum
857 1283 1059 1329 honestiS,
1090 1282 1212 1333 equis
1246 1282 1287 1320 et
1310 1279 1502 1333 pacificis
1528 1279 1679 1328 modis,
1714 1281 1779 1320 set
1802 1292 1957 1332 quem-
1976 1279 2026 1319 15

238 1356 465 1398 admodum
497 1355 681 1395 abiectos
718 1367 761 1394 se
792 1353 1028 1405 putabunt,
1067 1351 1325 1392 conflabitur
1364 1349 1631 1402 indignacio,
1668 1350 1804 1399 unde,
1837 1349 1957 1402 quod

237 1426 442 1478 indignati
464 1424 590 1465 moris
622 1437 714 1464 esse
746 1424 864 1473 solet,
897 1422 960 1462 ira
990 1421 1199 1474 impediti,
1233 1421 1268 1460 si
1302 1422 1400 1472 pos-t
1423 1419 1777 1472 dedignacionem
1806 1433 1957 1461 verum

237 1495 295 1535 eis
326 1496 600 1546 proponatur,
632 1506 716 1534 non
747 1492 1083 1545 apprehendent.
1147 1492 1237 1532 Hec
1270 1493 1384 1536 suut,
1418 1504 1503 1543 que
1536 1490 1778 1542 prudencia
1810 1493 1959 1532 vestra

238 1564 389 1605 librare
421 1563 558 1604 debet.
608 1563 783 1613 Parcite,
816 1562 850 1602 si
884 1564 929 1602 ut
960 1562 1101 1602 minus
1134 1561 1308 1614 sapiens
1342 1561 1507 1613 loquor,
1541 1561 1657 1614 quod
1691 1561 1808 1602 omni
1842 1561 1959 1603 intra

239 1646 304 1674 me
341 1632 669 1674 raciocinacione
707 1631 926 1673 convictus
958 1631 1094 1672 simile
1134 1645 1317 1685 nequeO,
1343 1631 1566 1679 videlicet,
1612 1633 1758 1672 utrum
1802 1631 1958 1672 melius
1974 1631 2029 1672 20

237 1703 286 1743 sit
322 1702 520 1742 nunciare
551 1701 814 1754 principibus
846 1704 888 1742 et
918 1701 1215 1754 potentatibus
1238 1701 1587 1751 christianorum,
1613 1702 1729 1755 quod
1752 1701 1959 1743 domiuus

238 1772 460 1824 Gregorius
490 1771 572 1812 iam
605 1772 747 1812 multis
781 1772 998 1813 nunciavit
1039 1774 1080 1812 et
1113 1772 1308 1821 nunciat,
1352 1774 1398 1812 ut
1437 1775 1481 1813 et
1521 1773 1662 1813 sciant
1694 1773 1960 1814 convenien-
2212 1763 2216 1822 ,ἶ

236 1840 393 1893 tibusa)
425 1840 543 1881 vobis
583 1841 625 1881 in
658 1842 736 1882 hoc
770 1855 901 1883 unum
941 1855 985 1882 se
1018 1842 1240 1884 vobiscum
1280 1856 1451 1895 pacem,
1493 1843 1885 1896 reintegracionem
1917 1844 1958 1885 et
2214 1826 2216 1842 Ι

237 1909 600 1963 reformacionem,
632 1924 760 1963 quam
791 1914 939 1965 optare
971 1913 1190 1962 videntur,
1228 1913 1436 1966 consequi
1468 1927 1623 1966 posse,
1662 1927 1717 1955 an
1753 1913 1960 1955 termina-

240 1980 358 2020 cione
390 1993 536 2022 vacare
576 1981 687 2022 circa
718 1984 902 2023 vestram
943 1996 1038 2024 cum
1077 1984 1250 2024 domino
1284 1985 1489 2037 Gregorio
1532 1985 1876 2026 convencionem
1915 1985 1960 2026 in
1977 1984 2030 2025 925

239 2063 370 2090 unum
410 2052 452 2091 et
491 2051 543 2091 ab
582 2051 663 2092 hiis
710 2052 1003 2094 obmutescere
1050 2055 1188 2095 modis
1235 2055 1411 2096 interim
1458 2055 1803 2108 permittereque
1842 2055 1962 2109 ipsos

239 2131 335 2159 suas
367 2119 528 2160 sancire
558 2121 897 2173 terminaciones,
929 2126 1168 2176 sperantes,
1199 2126 1315 2178 quod
1348 2138 1426 2178 per
1458 2128 1645 2167 vestram
1679 2126 1962 2178 postmodum

239 2189 561 2230 convencionem
600 2191 642 2231 iu
686 2205 817 2233 unum
854 2194 1032 2235 valeatis
1073 2196 1192 2247 ipsos
1235 2197 1443 2237 reducere
1486 2196 1672 2238 faciliter
1705 2197 1772 2238 vel
1804 2196 1839 2237 si
1875 2209 1963 2238 non

239 2258 416 2298 faciliter
446 2260 594 2301 saltem
631 2275 726 2302 cum
759 2263 1025 2315 difficultate,
1053 2264 1228 2320 quam¹‘)
1263 2266 1416 2308 melius
1444 2267 1575 2309 fuerit
1608 2267 1768 2320 eligere
1801 2279 1962 2321 papam

239 2327 562 2370 christianorum
592 2331 752 2372 bonum
783 2346 910 2385 quam
942 2335 1094 2386 modis,
1118 2349 1227 2388 quos
1250 2337 1453 2378 domiuus
1477 2337 1711 2391 Gregorius
1740 2337 1962 2392 proponit,
1979 2337 2036 2378 30

240 2398 456 2449 assentire,
488 2399 644 2451 quibus
676 2414 771 2442 cum
802 2403 966 2444 minore
998 2406 1192 2458 tempore
1223 2408 1265 2447 et
1294 2406 1551 2449 difficultate
1586 2410 1753 2449 rectum
1786 2407 1963 2449 unionis

238 2478 354 2507 sacre
384 2468 603 2510 terminari
641 2470 855 2513 intentum
886 2474 999 2515 valet
1037 2477 1081 2516 et
1121 2490 1199 2530 per
1232 2491 1341 2530 quos
1373 2479 1440 2519 vel
1480 2478 1644 2520 similes
1686 2479 1864 2520 tandem
1896 2479 1964 2520 in-

239 2536 385 2577 cedere
416 2549 523 2589 opus
555 2539 646 2591 erit,
687 2541 722 2581 si
764 2555 849 2583 non
893 2544 1020 2585 nimis
1059 2545 1203 2597 fallor,
1246 2549 1293 2588 ut
1332 2560 1431 2589 cum
1469 2549 1730 2591 certitudine
1769 2551 1811 2591 et
1842 2550 1964 2591 tran-

239 2604 442 2656 quillitate
473 2619 555 2659 pax
585 2610 788 2652 reddatur
820 2613 997 2655 ecclesie
1029 2619 1178 2658 sancte
1209 2618 1254 2658 in
1287 2619 1507 2660 mentibus
1539 2620 1888 2674 corporibusque
1919 2621 1966 2662 et

239 2673 514 2727 reintegracio
559 2678 886 2724 christianorum
937 2685 1072 2727 Jhesu
1125 2687 1298 2729 domino
1350 2689 1562 2742 largiente
1613 2690 1704 2732 fiat.
1787 2690 1965 2744 Inquiet
1979 2689 2034 2730 25

240 2741 417 2785 forsitan
447 2746 653 2791 celsitudo
683 2752 841 2804 vestra,
881 2753 915 2794 si
958 2767 1043 2796 non
1076 2756 1362 2809 impossibilia
1403 2760 1560 2802 saltem
1602 2761 1740 2802 multa
1772 2759 1967 2802 difficilia

238 2810 284 2851 in
327 2814 461 2855 modis
506 2815 588 2858 illis
620 2819 909 2864 continentur.
987 2825 1062 2867 Set
1102 2827 1191 2878 ubi,
1230 2842 1346 2882 rogo,
1379 2830 1494 2872 mala
1534 2830 1708 2873 intensa
1738 2830 1781 2873 in
1816 2831 1965 2874 seculo

238 2879 479 2926 introducta
499 2890 856 2942 comprehensum
888 2896 952 2935 est
974 2895 1067 2937 sine
1089 2896 1343 2942 difficultate
1364 2900 1554 2943 maxima
1577 2901 1713 2944 fuisse
1735 2901 1905 2944 evulsa.
1925 2932 1934 2943 .
1954 2934 1964 2944 .

2214 1139 2216 1146 .
2208 938 2216 1097 ..ι-.-..-.-

354 3043 383 3081 a)
404 3047 669 3080 convencionibus
687 3051 724 3081 Β.
792 3053 825 3091 b)
842 3054 882 3083 So
902 3056 951 3083 die
969 3057 1191 3097 Handochrist-
