2216 3432
479 167 521 204 B.
559 166 714 213 Gregors
732 168 814 206 XII.
834 169 996 216 Stellung
1013 183 1089 206 zum
1108 173 1234 208 Konzil
1256 175 1309 210 bis
1327 187 1389 210 zur
1407 177 1609 225 Erfiffnung.
1647 180 1706 217 Nr.
1734 182 1788 219 70.
1933 175 2016 217 279

257 278 441 333 phetam
486 275 670 319 dicitur:
730 273 785 318 Ve
829 277 928 328 illis,
977 280 1048 333 qui
1086 280 1279 335 pulvillos
1325 282 1399 324 sub
1442 284 1574 327 cubito
1618 294 1655 328 et
1695 290 1909 330 cervicalia
1945 290 2015 332 sub

256 350 389 405 capite
426 346 660 404 ponuntstl)
713 377 723 387 .
758 379 767 388 .
802 377 812 387 .
873 349 965 390 Scit
1011 350 1150 404 Deus,
1196 354 1314 406 quod
1354 355 1522 408 genitor
1574 360 1717 400 vestre
1764 342 2015 414 maiestatis,

256 421 467 475 princeps
499 417 895 461 christianissimus
927 419 1014 474 eth)
1049 436 1101 464 ex
1132 423 1278 466 debito
1311 425 1442 467 officii
1475 428 1707 470 advocatus
1739 432 1783 472 et
1815 431 2015 474 defensor

256 491 442 534 ecclesie
491 524 499 532 .
544 521 551 531 .
596 521 605 530 .
652 490 1037 543 prudentissimus,
1086 507 1311 548 nunquam
1357 497 1624 539 obedivisset
1670 499 1743 541 isti
1791 501 2015 544 hominum

215 562 499 616 5dampnato
533 561 588 603 de
620 561 767 602 heresi
801 563 843 603 et
876 562 1057 605 cismate
1086 577 1165 618 per
1193 567 1465 609 sentenciam
1497 568 1753 611 universalis
1776 572 1955 614 ecclesie
1968 576 2014 628 c)‚

256 647 403 688 neque
434 645 515 687 per
551 632 858 686 contagionem
886 633 1014 675 istius
1045 635 1142 676 labe
1180 635 1425 678 scismatice
1457 639 1681 692 pravitatis
1714 653 1836 682 suam
1878 643 2016 696 impe-

256 705 412 747 rialem
459 703 737 746 maiestatem
790 705 1054 747 maculasset
1096 737 1104 746 .
1140 740 1148 748 .
1184 739 1192 747 .
1237 707 1321 757 Qui
1370 708 1522 750 talium
1568 723 1761 751 errorem
1809 712 2015 766 defendit,

255 777 396 819 multo
429 778 497 817 est
529 774 857 828 dampnabilior
887 775 998 828 illis,
1041 776 1115 830 qui
1147 779 1306 830 errant,
1352 780 1455 832 quia
1487 793 1576 820 non
1608 781 1749 822 solum
1787 782 1858 823 ille
1902 787 2016 825 errat

255 850 325 890 set
371 847 511 889 eciam
551 843 698 902 aliisd)
736 846 1002 889 offendicula
1040 849 1200 889 erroris
1250 852 1458 903 preparat
1496 852 1538 891 et
1575 850 1802 893 confirmat
1835 884 1844 893 .
1879 887 1886 895 .
1922 887 1930 895 .
1964 854 2017 895 Et

186 922 240 964 10
253 930 334 974 per
366 931 647 972 consequens
679 920 875 960 vestram
907 920 1182 961 maiestatem
1214 919 1422 976 regiam0)
1459 934 1546 962 non
1578 922 1795 963 modicum
1833 923 2017 965 offendit

254 990 457 1042 dicendo,
501 990 621 1043 quod
658 989 714 1031 ab
747 989 842 1031 eius
881 990 1140 1033 obediencia
1178 1004 1266 1032 000
1304 991 1544 1033 recessistis
1577 994 1619 1033 et
1650 993 1876 1034 veritatem
1905 995 2017 1035 celat

253 1064 298 1104 et
319 1075 400 1116 per
422 1058 748 1116 consequensf)
772 1060 883 1102 iram
906 1061 986 1103 Dei
1018 1074 1151 1114 super
1175 1075 1221 1103 se
1243 1065 1450 1116 provocat
1484 1095 1492 1104 .
1517 1095 1526 1104 .
1554 1095 1562 1103 .
1596 1063 1673 1104 Est
1705 1063 1818 1104 enim
1850 1077 2014 1115 verum,

253 1134 373 1188 quod
425 1132 598 1187 genitor
650 1132 830 1175 inclitus
881 1135 1028 1174 vestre
1079 1132 1323 1175 maiestatis
1376 1133 1569 1176 obedivit
1619 1133 1700 1187 1111,
1753 1147 1884 1187 quem
1936 1135 2015 1176 istc

253 1205 486 1247 Urbanum
514 1205 655 1256 vocat,
690 1203 767 1258 qui
789 1203 931 1246 suerat
953 1203 1092 1257 primo
1116 1205 1294 1247 electus.
1344 1206 1421 1246 Set
1445 1218 1565 1258 reges
1589 1205 1781 1259 Francie,
1816 1206 2015 1256 Castelle,

185 1276 495 1330 15Aragonie,
548 1275 771 1327 Nauarre,
820 1275 992 1329 Scocie‚
1042 1276 1293 1327 Provincia,
1342 1275 1584 1328 Sabaudia‚
1630 1275 1926 1330 Burgundiag)
1975 1278 2016 1317 et

252 1348 380 1390 multi
424 1348 499 1390 alii
537 1346 767 1401 principes
808 1347 1102 1390 obediverunt
1142 1349 1218 1400 illi,
1269 1347 1343 1401 qui
1384 1348 1430 1388 10
1472 1361 1551 1389 sua
1592 1347 1848 1389 obediencia
1890 1359 2015 1389 voca-

251 1420 382 1462 batur
432 1419 637 1461 Clemens
683 1451 691 1460 .
728 1451 736 1460 .
772 1453 780 1461 .
814 1418 852 1474 2)
894 1419 950 1460 Ε1
1001 1421 1104 1460 511111
1156 1417 1285 1472 1519111)
1328 1419 1461 1460 verba
1508 1419 1642 1460 verba
1682 1418 1891 1469 formalia,
1932 1431 2015 1471 que

252 1490 538 1534 continentur
571 1490 617 1532 in
649 1490 943 1532 instrumento
973 1503 1105 1543 super
1127 1491 1209 1533 hoc
1231 1490 1430 1532 confecto
1464 1491 1506 1531 et
1527 1489 1571 1531 in
1593 1489 1675 1531 ista
1698 1486 2015 1543 sanctissimaf)

253 1562 548 1617 disposicione
591 1563 683 1605 voti
729 1564 772 1604 et
815 1560 1099 1615 iuramentik)
1141 1575 1229 1603 non
1269 1561 1318 1603 fit
1349 1560 1524 1612 mentio,
1558 1561 1675 1614 quod
1707 1560 1802 1613 ipse
1836 1560 2014 1601 deberet

180 1635 490 1678 roonvenire
529 1647 630 1676 cum
670 1635 803 1676 Petro
845 1635 899 1675 de
933 1634 1058 1675 Luna
1097 1634 1174 1674 sed
1207 1633 1347 1674 solum
1381 1632 1543 1674 domini
1587 1631 1840 1673 cardinales.
1903 1630 2012 1671 Item

251 1707 438 1760 apparet
478 1706 709 1748 evidenter
741 1703 861 1759 per¹)
895 1707 1063 1747 textum
1097 1697 1381 1746 instrumenti
1414 1716 1546 1756 super
1579 1702 1661 1744 isto
1693 1704 1794 1743 voto
1827 1703 1870 1742 et
1900 1701 2013 1742 iura-

250 1779 403 1820 mento
442 1777 645 1830 confecti,
688 1778 808 1831 quod
851 1776 1015 1818 domini
1055 1775 1300 1818 cardinales
1333 1775 1558 1828 elegerunt
1588 1773 1722 1814 istum
1754 1772 1809 1813 ad
1840 1772 1933 1822 1100,
1965 1772 2013 1812 111

251 1850 535 1891 renunciaret
575 1880 584 1890 .
620 1881 629 1890 .
665 1880 672 1890 .
708 1849 762 1890 Et
805 1862 884 1902 per
935 1860 1212 1902 consequens
1251 1859 1403 1888 verum
1445 1847 1512 1886 051
1545 1843 1703 1894 dicere,
1742 1843 1873 1896 quod,
1911 1841 2012 1895 quia

249 1921 335 1963 iste
387 1920 585 1963 indebite
632 1921 842 1963 refutavit
893 1918 1172 1970 renunciare,
1226 1918 1345 1972 quod
1393 1929 1618 1969 nunquam
1664 1913 1815 1956 habuit
1856 1914 1923 1954 ius
1966 1912 2011 1953 in

179 1993 441 2047 25papatu,
502 1992 607 2047 quia
658 2003 888 2045 nunquam
943 1989 1100 2032 habuit
1151 2001 1416 2030 consensum
1469 1985 1776 2035 cardinalium,
1832 1983 1914 2025 nisi
1964 1985 2011 2024 ut

250 2063 547 2106 renunciaret.
611 2064 723 2105 Item
761 2063 860 2104 luce
894 2062 1055 2103 clarius
1089 2062 1168 2112 est,
1202 2060 1320 2114 quod
1352 2059 1433 2100 iste
1465 2060 1613 2099 votum
1646 2058 1687 2098 et
1719 2055 2009 2096 iuramentum

251 2135 651 2189 dampnabiliterm)
692 2134 895 2186 violavit,
944 2147 1024 2187 pro
1064 2134 1195 2186 quo¹¹)
1235 2130 1461 2173 sciendum
1500 2129 1585 2180 951,
1628 2127 1745 2180 quod
1785 2126 1865 2167 iste
1906 2126 2010 2166 tunc

250 2206 487 2261 Gregorius
520 2206 774 2250 nominatus
806 2207 906 2260 post
938 2204 1202 2246 creationem
1235 2215 1359 2244 suam
1391 2198 1564 2253 scripsit
1594 2211 1672 2251 per
1693 2197 1858 2239 bullam
1881 2197 2009 2237 Petro

250 2279 304 2321 de
338 2278 479 2326 Luna,
519 2279 640 2333 quod
680 2278 776 2332 ipse
818 2279 910 2318 erat
926 2279 958 2328 Ο)
998 2277 1179 2330 paratus
1221 2273 1479 2315 renunciare
1517 2269 1721 2323 papatui,
1766 2267 1878 2309 sicut
1916 2266 2009 2319 ipse

179 2350 432 2392 30voverat
483 2352 526 2392 et
574 2349 845 2404 iuraveratv)
888 2350 930 2390 et
969 2346 1133 2389 domini
1173 2344 1416 2387 cardinales
1461 2341 1526 2383 sui
1567 2341 1704 2382 eciam
1743 2338 2010 2392 scripserunt

249 2421 551 2464 cardinalibus
586 2422 708 2463 Petri
747 2421 802 2462 de
835 2420 972 2472 Luna,
1013 2418 1132 2472 quod
1162 2417 1247 2471 ipsi
1279 2416 1445 2467 erantq)
1476 2411 1618 2466 parati
1651 2409 1880 2452 convenire
1911 2421 2008 2449 cum

367 2586 398 2620 a)
425 2586 503 2613 Dies
533 2586 619 2613 wird
649 2585 852 2620 auoqefilhrt.
907 2585 940 2618 b)
970 2583 1054 2610 Fehlt
1080 2583 1118 2609 D.
1186 2581 1214 2615 c)
1244 2578 1383 2607 ecclesie
1409 2575 1607 2605 universalis
1632 2576 1670 2602 D.
1738 2573 1768 2604 d)
1796 2573 1835 2599 In
1862 2572 1884 2599 Ο
1906 2571 2008 2598 himer

247 2633 406 2667 preparat
429 2633 553 2667 qesetzt.
610 2634 638 2664 e)
659 2633 785 2667 regiam
811 2631 939 2659 maiest.
964 2632 1003 2658 D.
1049 2630 1074 2664 f)
1095 2630 1127 2656 et
1147 2628 1234 2663 quod
1253 2634 1312 2662 per
1333 2631 1534 2658 consequens
1554 2631 1616 2650 11011
1636 2629 1709 2649 new.
1730 2622 1757 2647 0.
1802 2622 1832 2653 g)
1852 2618 1941 2645 Auch
1961 2617 2008 2643 bei

248 2682 309 2708 den
322 2680 455 2708 letztern
469 2679 596 2707 Genitiv
611 2680 640 2708 Ο.
671 2679 703 2712 11)
724 2680 790 2707 ista
811 2680 887 2712 sunt
908 2680 936 2706 O.
970 2678 991 2712 i)
1014 2676 1160 2705 cismatis
1181 2677 1218 2702 D.
1252 2675 1286 2706 k)
1306 2674 1366 2701 iur.
1381 2674 1413 2699 et
1426 2671 1494 2699 voti
1510 2672 1548 2698 D.
1582 2670 1603 2703 l)
1625 2668 1709 2703 quod
1731 2669 1759 2695 C.
1794 2668 1836 2700 111)
1856 2666 2005 2699 dampna-

246 2727 412 2756 bilissime
432 2728 470 2755 B.
500 2727 533 2762 n)
553 2727 641 2754 Fehlt
656 2728 685 2755 Ο.
723 2727 754 2761 0)
775 2727 865 2754 esset:
884 2728 923 2761 B,
944 2726 1007 2753 erit
1027 2726 1066 2752 D.
1102 2726 1134 2759 p)
1156 2723 1226 2758 ipse
1245 2722 1325 2756 fehlt
1346 2721 1374 2749 Ο.
1406 2721 1451 2747 Β.·
1471 2718 1563 2746 sicud
1583 2716 1741 2744 voverant
1761 2716 1793 2741 ct
1812 2712 2006 2740 iuraverant.

178 2777 234 2819 35
249 2777 281 2811 q)
302 2776 415 2804 essent
434 2776 472 2803 Β.

370 2837 397 2880 ¹)
421 2835 595 2870 Ezechiel
618 2834 675 2878 13,
703 2834 757 2869 18.

369 2895 397 2940 ²)
428 2894 512 2929 Nun
538 2895 640 2940 solyt
675 2894 751 2928 eine
789 2893 897 2928 kurze
936 2891 1146 2928 Uebersichc
1180 2889 1267 2923 iiber
1299 2887 1354 2921 dia
1395 2883 1600 2919 Gesclziclete
1632 2876 1691 2915 (les
1725 2879 1913 2919 Sclu'amas,
1949 2875 2003 2909 die

247 2966 316 2990 nur
341 2954 583 2989 allbekannces
610 2953 746 2987 entledlt
767 2953 840 2987 und
861 2951 1006 2987 (leslzalb
1033 2951 1109 2985 hier
1136 2949 1358 2993 iibarymzyen
1381 2944 1519 2978 werden
1545 2942 1646 2975 kann.
1696 2936 1892 2972 Bes-undem
1919 2933 2006 2967 wird

247 3015 312 3049 der
337 3013 411 3049 Eid
433 3013 498 3048 der
515 3012 712 3047 Kardinc‘ile
737 3012 783 3046 im
800 3010 982 3046 Konklave
1009 3009 1112 3053 1406,
1138 3019 1200 3042 aas
1225 3007 1300 3041 (lem
1331 3004 1469 3050 (ἔφερον
1486 3000 1566 3035 XII.
1592 2997 1812 3044 hervoryiny,
1839 2993 2001 3028 eru-iiluna

172 3084 236 3130 ¹40
249 3072 360 3108 Dann
384 3073 495 3110 lzeissc
520 3084 557 3107 es
583 3071 706 3109 weiter
729 3071 795 3106 wie
822 3069 921 3108 oben,
