2216 3432
391 145 428 183 ο.
458 144 657 188 Malatesta,
683 145 820 191 Gregor
844 144 928 184 x11.
953 146 1028 180 und
1054 144 1231 180 Benedikt
1256 144 1356 181 xm.
1385 146 1631 182 1410—1413.
1658 145 1719 182 Νη
1749 149 1803 184 13.
1945 137 2000 180 65

97 269 105 271 ”
155 309 159 313 ,
215 265 284 310 13.
315 265 428 307 Kar-l
450 265 669 307 Malatesta
700 265 901 321 empfiehlt
925 263 1127 306 Benedilct
1148 261 1277 304 XIII.
1310 264 1518 319 drinyend
1546 272 1667 306 anter
1698 265 2004 321 auqffilzrliclcer

309 336 592 393 Beqrz'induny
624 337 690 379 die
728 334 979 392 Vm·sclzlci'9e
1012 335 1197 391 Greqors
1228 333 1333 375 XII.
1396 334 1530 391 (1413
1559 336 1668 377 nacla
1701 336 1823 377 Md'rz
1852 337 1912 392 3.)

289 431 320 465 B
344 443 408 466 aas
448 431 548 475 Wien,
578 430 667 477 Hof-
692 431 764 465 und
788 430 1109 465 Seaatsbibliocleek
1138 430 1221 465 cod.
1247 429 1344 464 5096
1360 430 1431 475 sol.
1460 430 1716 466 134v—139.

336 540 386 582 In
419 540 598 583 nomine
642 538 920 581 sanctissime
961 539 1005 580 et
1046 537 1274 580 individue
1317 537 1530 580 trinitatis
1569 540 1710 592 patris
1752 540 1795 581 et
1833 539 1911 582 filii
1956 543 2001 583 et

175 611 401 665 5spiritus
435 611 575 654 sancti
615 612 658 652 et
690 610 1005 665 gloriosissime
1037 609 1261 664 genitricis
1295 609 1463 652 domini
1495 609 1632 651 nostri
1666 610 1802 652 Jhesu
1835 611 1998 654 Christi

217 682 352 724 Marie
385 696 563 736 semper
595 682 779 735 virginis
812 681 991 723 domine
1025 682 1174 723 nostre
1207 694 1350 722 amen.

336 753 470 807 Apud
502 753 739 795 nonnullos
778 752 1061 794 sanctissimo
1099 765 1150 793 ac
1182 752 1442 793 beatissimo
1479 752 1597 806 patri
1629 754 1673 794 et
1706 753 1884 795 domino
1918 755 1996 796 do-

216 824 336 867 mino
368 825 612 866 Benedicto
651 837 767 878 pape
807 837 959 865 eorum
991 823 1245 866 credulitati
1284 836 1457 864 summo
1496 823 1694 876 pontifici
1727 824 1912 867 Carolus
1946 827 1999 868 de

218 896 463 939 Malatestis
497 895 706 937 minimus
740 909 893 938 servus
927 897 1079 937 sancte
1107 895 1262 936 matris
1294 895 1339 936 et
1372 894 1636 936 universalis
1669 896 1852 938 ecclesie
1885 898 2003 939 salu-

150 970 308 1016 lotem
343 968 608 1021 deprecatur
640 967 694 1008 ab
729 981 780 1010 eo
814 967 1026 1017 exhiberi,
1061 966 1136 1020 qui
1169 966 1328 1008 salutis
1354 967 1452 1009 fons
1485 966 1744 1009 indeficiens
1779 970 1858 1010 est.
1910 969 2003 1011 Iam

220 1039 399 1093 quidem
431 1041 533 1093 post
563 1039 802 1080 adventum
836 1037 1003 1080 domini
1037 1037 1233 1091 Gregorii
1252 1038 1286 1093 ¹)
1326 1051 1589 1092 paraveram
1622 1039 1893 1092 respondere
1927 1053 1999 1082 ca—

220 1109 414 1164 pitulis2)
462 1123 545 1164 per
596 1111 789 1152 vestram
843 1106 1199 1152 dominacionem
1251 1108 1386 1151 michi
1433 1108 1602 1161 missis,
1650 1110 1814 1164 quibus
1864 1112 2000 1154 dilata

220 1183 366 1224 fuerat
398 1175 629 1235 responsio
653 1181 878 1235 precipue,
912 1195 967 1223 ne
1001 1180 1185 1223 affectus
1209 1182 1357 1223 careat
1379 1180 1553 1223 effectu.
1602 1182 1767 1224 Verum
1790 1184 2004 1237 appulere

219 1252 397 1295 interim
436 1253 704 1295 venerabilis
743 1253 1053 1295 Ferdinandus
1088 1253 1142 1294 de
1177 1252 1491 1308 Cenomanisa)
1530 1253 1819 1308 egregiusque
1853 1255 2005 1297 doctor

151 1330 204 1371 15
221 1324 425 1367 dominus
459 1324 655 1375 Gar-sias,
696 1338 794 1366 cum
830 1325 1014 1379 quibUS,
1058 1325 1102 1366 et
1143 1323 1180 1365 si
1214 1325 1480 1367 documento
1514 1326 1691 1377 carent,
1732 1338 1821 1367 non
1855 1328 2005 1368 tamen

221 1396 374 1438 distuli
407 1410 459 1438 ea
491 1397 685 1438 tractatu
719 1397 964 1448 discutere,
999 1410 1085 1450 que
1119 1395 1287 1437 domini
1321 1396 1520 1450 Gregorii
1554 1396 1693 1438 menti
1726 1397 1903 1439 inerant
1935 1398 2003 1440 in-

220 1469 412 1521 suntque
445 1467 622 1509 domino
646 1467 934 1522 propiciante,
968 1467 1138 1508 scilicet
1172 1466 1337 1521 quibus
1361 1467 1520 1509 mediis
1544 1468 1602 1509 ad
1634 1468 1817 1510 totalem
1850 1470 2005 1523 populi

221 1538 450 1580 christiani
492 1538 889 1592 reintegracionem
921 1540 1074 1592 posset
1114 1538 1338 1592 perveniri
1388 1552 1484 1589 nec,
1525 1539 1728 1592 quamvis
1767 1541 2005 1594 voluerint,

223 1610 342 1663 quod
375 1611 601 1651 oratorum
644 1610 778 1650 moris
812 1623 909 1651 esse
954 1623 1042 1651 non
1075 1610 1202 1661 solet,
1235 1610 1361 1664 prius
1396 1623 1562 1662 eorum,
1597 1610 1652 1652 ad
1676 1623 1787 1664 quos
1822 1612 2004 1653 mittun-

151 1682 316 1730 20tur,
355 1680 653 1722 intencionem
694 1681 849 1722 audire
888 1694 1022 1734 quam
1075 1694 1152 1722 sue
1200 1680 1504 1723 nunciacionis
1549 1681 1723 1735 aperire
1762 1682 1923 1724 seriem
1963 1686 2006 1725 et

222 1751 452 1793 auditores
486 1751 780 1805 delegacionis
813 1751 958 1792 officio
991 1752 1179 1793 necdum
1213 1751 1457 1794 instructos
1489 1765 1755 1806 provocare,
1790 1754 1840 1794 ut
1873 1768 2004 1796 suum

221 1836 295 1864 cor
328 1824 544 1872 reserent,
579 1823 654 1876 qui
687 1822 906 1875 ignorant,
940 1825 1090 1865 utrum
1121 1824 1256 1865 verba
1290 1823 1377 1864 sint
1410 1836 1463 1864 ex
1495 1824 1627 1865 corde
1661 1824 1917 1866 nunciantis
1950 1839 2006 1867 an

221 1894 336 1946 eius,
381 1907 512 1947 quem
558 1894 652 1935 solo
693 1894 892 1947 ipsorum
935 1894 1112 1948 eloquio
1153 1893 1408 1936 mittentem
1450 1893 1497 1935 in
1537 1894 1713 1949 scriptis
1756 1896 2005 1948 proferunt,

223 1978 345 2007 mora
387 1965 502 2007 facta
545 1966 630 2015 est,
672 1965 739 2006 set
779 1965 823 2006 in
865 1967 1060 2007 tractatu
1105 1979 1363 2019 processum
1403 1965 1486 2007 fuit
1523 1964 1569 2023 in
1617 1965 1795 2008 nomine
1837 1967 2004 2009 domini

150 2040 206 2082 25
221 2035 342 2077 iuxta
374 2035 574 2090 ipsorum
606 2036 853 2089 peticiones
886 2038 929 2077 et
962 2039 1074 2089 acta,
1109 2050 1194 2090 que
1227 2036 1331 2078 huic
1364 2036 1542 2090 alligata
1574 2038 1691 2078 sunt.
1707 2037 1739 2089 3)

340 2108 504 2149 Verum
536 2120 637 2149 cum
669 2121 734 2158 ea,
768 2120 854 2161 que
887 2107 1043 2149 ultimo
1066 2108 1245 2161 quesita
1266 2107 1445 2159 fuerint,
1474 2107 1774 2161 inspexissent
1804 2110 2004 2163 tempus-

223 2192 309 2232 que
341 2178 427 2219 sibi
459 2178 765 2231 postulassent
798 2178 1017 2233 indulgeri
1051 2180 1107 2221 ad
1140 2179 1477 2232 responsionem
1512 2179 1833 2232 reiterandam,
1868 2181 2003 2224 nichil

221 2249 401 2291 tandem
435 2249 584 2291 dixere
618 2263 664 2291 se
697 2249 743 2290 in
777 2263 931 2291 eornm
964 2250 1334 2292 instructionibus
1367 2250 1600 2303 habuisse,
1640 2252 1688 2293 ut
1720 2253 1906 2294 verbum
1938 2267 2005 2294 re-

223 2319 361 2362 feram
406 2334 555 2370 suum,
606 2320 692 2362 nisi
734 2321 964 2363 dumtaxat
1008 2323 1062 2363 de
1104 2322 1405 2364 convencione
1448 2322 1854 2377 dominitGregorii
1903 2338 2004 2366 cum

153 2396 210 2437 30
224 2393 372 2433 vestra
404 2392 636 2434 sanctitate
669 2393 860 2434 tractare
894 2395 937 2434 et
969 2407 1056 2447 que
1089 2394 1207 2435 circa
1248 2394 1331 2436 hoc
1369 2395 1544 2435 tantum
1577 2396 1799 2448 oportuna
1839 2395 2002 2447 forent,

224 2463 330 2516 quia
360 2461 532 2518 tercii4)
573 2463 918 2506 convencionem
963 2465 1017 2506 de
1056 2464 1173 2506 facto
1213 2464 1532 2519 impossibilem
1567 2465 1835 2507 asserebatis
1869 2468 2006 2519 atque

226 2534 279 2576 de
310 2533 406 2575 iure
437 2533 758 2589 impossibilem
791 2536 835 2576 et
868 2536 1125 2588 absurdam,
1165 2535 1328 2589 quibus
1367 2549 1391 2576 e
1425 2537 1578 2578 contra
1617 2536 1817 2578 dicebam
1852 2537 2005 2578 multis

225 2604 479 2647 racionibus
512 2606 700 2648 maxime
734 2603 960 2661 racioneb)
994 2607 1146 2649 totalis
1180 2606 1564 2660 reintegracionis,
1599 2606 1635 2648 si
1667 2606 1762 2649 fieri
1796 2620 1895 2649 cum
1929 2608 2007 2650 do-

225 2674 347 2717 mino
382 2677 547 2730 posset,
580 2677 673 2719 zelo
696 2676 886 2719 vinctus
935 2677 1130 2731 Urgebat
1162 2691 1233 2719 me
1266 2691 1472 2731 namque,
1505 2679 1631 2731 urget
1664 2691 1856 2732 quoque,
1890 2679 2009 2732 quod

155 2797 210 2839 35
343 2805 374 2839 a)
395 2804 590 2833 Cenamanis
610 2806 647 2832 B.
722 2805 754 2840 b)
775 2806 835 2833 Die
855 2805 1033 2841 Aulweuny
1052 2806 1094 2834 iat
1113 2806 1275 2834 unaicher.

347 2865 376 2911 ¹)
401 2865 443 2900 In
468 2865 599 2900 Rt'mim‘
622 2878 676 2900 am
701 2866 759 2901 24.
787 2866 988 2901 Dezember
1014 2866 1119 2902 1412.

346 2925 377 2970 ³)
405 2925 516 2960 DIese
542 2925 624 2959 sind
646 2925 744 2960 nic-let
766 2926 938 2960 erhalten.

346 2984 377 3030 ³)
410 2983 544 3019 Unsere
571 2984 657 3021 Nrr.
684 2984 741 3029 10,
768 2985 824 3029 11,
851 2985 908 3020 12.

347 3043 374 3087 ⁴)
399 3044 431 3078 cI.
458 3044 491 3078 le.
516 3044 675 3079 Johanns
702 3043 837 3078 XXIII.

297 3113 448 3149 Finke,
467 3114 550 3143 Acta
570 3114 704 3143 concilii
726 3114 1004 3143 constanciensis.
1023 3114 1047 3143 1.
1656 3092 1680 3132 5
