2216 3432
613 140 655 186 D.
680 140 869 179 Malatesta
890 140 964 179 und
990 140 1135 185 Johaemn
1159 140 1298 180 xxm.
1341 141 1444 179 1413.
1492 141 1555 184 Νι.
1581 141 1640 179 20.
1959 132 2015 176 87

233 249 384 293 chiesa
423 260 547 293 come
589 260 702 292 esso.
765 246 822 289 Et
858 247 906 293 in
944 247 1120 301 ultimo,
1159 246 1429 302 ragionando
1469 249 1537 292 de’
1575 248 1697 291 modi
1729 249 1811 293 che
1842 250 2021 294 c'erano

207 321 291 379 'da
326 320 460 365 tirare
498 319 541 368 la
578 318 749 373 pratica
788 319 946 361 tenuta
985 318 1065 373 piu
1103 317 1256 364 avanti
1297 332 1322 361 e
1353 332 1380 361 a
1411 319 1713 374 conclusione,
1758 334 1805 364 se
1842 321 2021 376 piacera

232 405 258 439 a
289 391 387 445 Dio,
427 390 620 437 accadde
651 389 735 433 che
766 389 810 432 io
842 388 952 431 dissi
985 389 1057 432 del
1088 390 1235 442 modo,
1267 389 1299 432 il
1321 390 1452 444 quale
1475 392 1630 444 sapete
1653 391 1734 433 che
1757 391 1802 434 io
1823 392 2021 446 ragionai

231 476 315 507 con
346 462 429 517 voi,
462 463 570 515 cioe,
602 462 684 503 che
716 460 890 504 l'amico
923 473 1004 504 suo
1038 460 1311 513 renunziassi
1344 462 1460 504 nelle
1492 461 1614 504 mani
1647 463 1715 504 de'
1744 462 1855 516 suoi,
1879 463 1959 505 che
1983 463 2020 505 si

189 533 464 581 5chiamano
503 533 730 587 cardinali,
769 547 793 575 e
825 533 900 587 poi
931 533 1252 588 procederetur
1284 534 1341 576 ad
1372 533 1635 576 electionem
1670 536 1714 577 et
1736 535 2020 589 eleggesseno

230 606 273 649 13
312 619 393 648 sua
430 605 612 657 santita,
656 619 680 647 0
721 605 763 648 13
805 618 886 648 sua
923 604 1201 648 beatitudine
1247 604 1417 647 facesse
1454 605 1618 659 quello,
1661 606 1706 648 di
1747 605 1829 648 che
1867 606 2019 648 aveste

229 677 343 721 altra
373 677 494 720 volta
525 676 836 719 commissione
870 677 926 719 da
959 676 1100 731 Luigi.
1154 675 1380 731 Rispuose
1414 689 1537 721 esser
1569 678 1780 719 contento
1813 690 1838 718 a
1862 679 2022 731 questa

228 748 312 802 via,
346 762 370 791 e
402 762 428 791 a
456 749 716 803 qualunque
748 749 864 791 altra
893 747 966 791 voi
999 747 1039 790 ci
1071 748 1261 799 vedessi‚
1294 748 1337 794 la
1369 748 1502 802 quale
1535 749 1657 791 fusse
1689 749 1846 790 onesta
1878 762 1902 790 e
1931 761 2022 791 non

228 820 481 863 contrafare
512 820 552 862 al
586 819 772 863 concilio
806 819 981 863 PisanO.
1034 819 1070 861 E
1104 820 1185 863 che
1219 819 1372 863 voleva
1403 818 1597 862 ricevere
1633 818 1805 873 Agnolo
1840 819 2022 863 Corario

160 892 214 934 10
228 905 309 946 per
340 891 565 934 cardinale
589 905 613 933 e
635 891 843 934 onorarlo
876 890 923 933 in
946 891 1094 946 quelle
1118 903 1233 944 cose,
1261 890 1343 932 che
1366 903 1611 945 paresseno
1634 891 1675 932 al
1698 891 1848 944 signor
1873 889 2017 933 Carlo-

227 963 263 1005 E
295 962 440 1005 simile
479 963 608 1005 volea
647 962 841 1005 ricevere
878 975 958 1017 per
990 962 1207 1005 cardinali
1246 962 1385 1017 quelli
1419 962 1500 1007 che
1534 960 1777 1004 nominassi
1809 961 1840 1003 il
1872 961 2019 1015 signor

228 1035 359 1077 Carlo
399 1035 620 1090 predettO,
663 1033 838 1076 inverso
876 1035 909 1076 il
942 1034 1075 1089 quale
1106 1034 1291 1088 parlava
1331 1046 1510 1088 sempre
1549 1033 1893 1085 cortesemente,
1935 1045 2019 1074 con

228 1105 324 1149 dire
355 1106 522 1149 volerlo
556 1119 745 1148 onorare
779 1119 802 1147 e
835 1106 928 1148 fare
961 1107 1044 1148 etc.
1078 1105 1250 1147 avendo
1283 1118 1510 1159 speranza,
1544 1105 1625 1147 che
1657 1104 1772 1147 altro
1805 1104 1885 1146 che
1918 1117 2019 1146 cose

227 1177 499 1231 ragionevoli
531 1191 555 1219 e
588 1177 675 1220 alla
706 1191 789 1220 sua
831 1176 998 1219 santita
1029 1176 1233 1231 possibili
1266 1189 1357 1219 non
1390 1175 1717 1227 richiedrebbe,
1752 1188 1777 1216 o
1810 1175 1910 1217 altri
1943 1188 2022 1229 per

158 1248 303 1291 151ui.
367 1249 672 1302 Domanda’IO,
710 1249 791 1291 che
825 1249 956 1291 modo
989 1247 1027 1290 si
1061 1248 1187 1301 dava,
1228 1249 1310 1290 che
1342 1248 1370 1290 l’
1402 1247 1515 1290 altra
1546 1248 1674 1301 parte
1707 1246 1825 1288 fosse
1859 1246 2019 1299 sicura,

226 1322 306 1363 che
339 1321 489 1375 quello
522 1321 559 1362 si
593 1320 915 1363 conchiudesse
951 1334 974 1363 e
1007 1320 1358 1374 promettessesi,
1392 1320 1429 1361 si
1461 1317 1715 1361 osservassi.
1770 1317 2018 1371 Rispuose:

227 1392 314 1434 Per
359 1391 448 1433 mia
495 1392 634 1445 bolla,
684 1405 707 1434 e
746 1392 827 1434 che
865 1391 1172 1434 richiedrebbe
1215 1391 1258 1433 13
1296 1389 1568 1434 communita
1613 1389 1657 1432 di
1697 1389 1894 1440 Firenze,
1937 1388 2018 1430 che

224 1463 512 1516 promettessi
553 1476 634 1518 per
665 1463 710 1505 la
742 1476 822 1504 sua
853 1462 1136 1505 beatitudine
1179 1476 1203 1504 e
1236 1474 1438 1516 sperava,
1472 1462 1553 1504 che
1586 1462 1643 1515 gli
1677 1460 1867 1503 sarebbe
1900 1472 2020 1501 com-

226 1533 425 1587 piaciuto
464 1533 508 1575 di
552 1536 736 1588 quest03
785 1535 909 1579 tanta
946 1534 1048 1576 fede
1087 1546 1223 1576 aveva
1263 1533 1382 1576 nella
1418 1536 1573 1576 nostra
1614 1531 1901 1574 communita.
1964 1531 2022 1573 Et

155 1605 339 1648 20olt1·e
378 1619 403 1649 a
442 1608 601 1659 questo
642 1618 718 1647 era
760 1606 911 1658 presto
950 1605 1144 1647 sicurare
1189 1605 1244 1646 de
1285 1603 1569 1649 observantia
1610 1603 1932 1658 promissorum
1970 1602 2016 1644 in

225 1677 482 1730 qualunque
516 1677 630 1719 altro
663 1677 794 1718 modo
828 1675 1019 1730 piacessi
1049 1676 1090 1718 al
1114 1675 1265 1730 signer
1289 1676 1432 1729 Carlo,
1464 1675 1635 1729 purche
1668 1674 1784 1716 fosse
1817 1673 2019 1727 ragione-

223 1748 321 1789 vole
354 1761 378 1789 e
410 1761 436 1790 a
467 1748 529 1789 lui
562 1747 789 1801 possibile.
854 1747 1023 1798 Questo
1058 1760 1081 1788 e
1121 1746 1308 1788 l’effetto
1349 1747 1392 1788 di
1433 1747 1601 1800 quanto
1643 1746 1700 1787 ho
1732 1746 1866 1787 avuto
1901 1745 2018 1787 dalla

224 1832 306 1861 sua
344 1818 635 1861 beatitudine.
698 1818 734 1860 E
767 1831 848 1872 per
880 1831 970 1860 non
1009 1831 1156 1860 errare
1188 1817 1235 1858 111
1267 1818 1425 1859 alcuna
1462 1830 1565 1859 cosa
1598 1830 1622 1858 e
1655 1829 1817 1858 ancora
1861 1816 1904 1858 di
1937 1828 2018 1857 suo

225 1891 591 1932 comandamento
624 1889 775 1931 rimasi
807 1903 890 1931 con
922 1889 984 1931 lui
1009 1890 1052 1931 di
1075 1888 1377 1943 monstrargli,
1412 1889 1579 1942 quanto
1601 1887 1643 1929 vi
1667 1887 1863 1929 scrivevo
1886 1899 2019 1940 sopra

152 1959 206 2001 25
223 1963 382 2016 questa
403 1960 602 2003 materia.
642 1961 737 2014 Voi,
761 1960 970 2013 Rinaldo,
994 1961 1040 2002 in
1064 1960 1242 2002 nomine
1266 1959 1517 2015 [domini]“²)
1539 1959 1679 2002 nostri
1703 1959 1723 2000 J
1730 1971 1809 1999 esu
1833 1957 2015 2011 Christi,

222 2033 297 2087 qui
321 2047 403 2087 pro
422 2035 577 2075 nostra
599 2033 744 2074 salute
768 2045 899 2074 suum
921 2031 1295 2085 pretiosissimum
1317 2031 1580 2085 sanguinem
1603 2030 1731 2082 fudit,
1750 2031 1793 2072 et
1815 2028 2014 2071 omnium

222 2106 491 2157 sanctorum,
539 2106 585 2146 et
626 2116 708 2158 pro
759 2104 903 2145 salute
950 2102 1097 2145 anime
1150 2104 1298 2144 vestre
1341 2104 1478 2156 atque
1528 2101 1666 2144 totius
1706 2100 1894 2143 ecclesie
1934 2100 2014 2141 Dei

222 2175 439 2228 conforto,
481 2176 652 2230 quanto
694 2188 844 2229 posso,
889 2175 970 2217 che
1006 2174 1258 2216 virilmente
1292 2188 1316 2216 e
1348 2187 1434 2215 con
1465 2172 1814 2226 longanimitate,
1853 2184 1941 2213 non
1974 2171 2015 2213 vi

223 2247 469 2300 rompendo
502 2260 582 2301 per
615 2259 717 2289 cosa
740 2246 922 2288 sinistra
951 2246 1214 2298 v'avenisse,
1248 2246 1330 2287 che
1354 2245 1582 2299 seguiate,·
1600 2258 1623 2286 e
1645 2243 1686 2285 io
1708 2243 1766 2284 ho
1790 2256 2016 2298 speranza,

151 2315 208 2356 30
222 2319 302 2360 che
342 2319 482 2370 IddiO,
525 2331 607 2372 per
644 2318 675 2360 li
713 2317 886 2372 prieghi
930 2318 1046 2360 della
1084 2318 1277 2371 gloriosa
1317 2317 1499 2370 vergine
1540 2316 1680 2357 Maria
1723 2315 1848 2356 e'de'
1882 2314 2010 2365 santi,

222 2389 304 2431 che
350 2402 469 2431 sono>
497 2389 545 2430 in
576 2389 690 2431 cielo
729 2403 752 2431 e
784 2388 831 2430 in
864 2392 999 2441 terra,
1044 2389 1282 2431 estendera
1321 2388 1364 2431 la
1395 2401 1527 2431 mano
1562 2387 1678 2429 della
1709 2384 2014 2427 misericordia

221 2473 316 2512 sua,
350 2475 374 2503 e
407 2473 571 2503 ancora
602 2474 682 2515 per
714 2461 757 2503 la
787 2461 938 2504 buona
970 2459 1282 2514 disposizione,
1322 2459 1435 2501 ch’io
1474 2471 1610 2512 veggo
1648 2458 1706 2499 ha
1739 2457 1892 2498 nostro
1926 2455 2010 2509 sig-

221 2545 343 2585 nore,
378 2532 672 2575 e'conducera
703 2545 729 2574 a
759 2532 881 2574 buon
908 2531 998 2574 fine
1031 2533 1191 2586 questa
1213 2532 1341 2573 santa
1363 2542 1513 2584 opera,
1546 2528 1826 2570 considerato
1849 2539 2012 2569 ancora

221 2602 253 2645 il
284 2603 406 2649 buon
437 2604 530 2646 zelo
562 2617 586 2646 e
617 2603 782 2658 purita,
821 2604 934 2646 colla
966 2603 1097 2658 quale
1129 2602 1367 2657 procedete
1398 2601 1446 2643 in
1479 2601 1637 2655 questo
1670 2599 1795 2642 fatto.
1859 2598 1894 2640 E
1926 2597 2008 2639 che

151 2671 252 2717 3511
283 2673 433 2728 signor
465 2674 597 2718 Carlo
629 2688 845 2729 cognosce
866 2675 908 2720 ‚il
940 2674 1077 2718 frutto
1108 2674 1274 2729 grande
1306 2686 1441 2728 segue
1474 2671 1519 2714 di
1550 2673 1675 2714 tanto
1707 2670 1821 2712 bene
1854 2682 1877 2710 0
1900 2682 1925 2710 3
1947 2661 2009 2711 lui

219 2746 439 2799 grandeza
470 2746 543 2788 nel
574 2746 807 2800 conspetto
840 2747 881 2789 d'
915 2745 1043 2789 Iddio
1076 2759 1100 2787 e
1134 2744 1248 2799 degli
1282 2743 1484 2804 uomeni‚
1516 2756 1540 2785 0
1573 2740 1763 2784 schifare
1794 2739 2006 2793 pericolo,

219 2816 251 2858 il
283 2816 416 2870 quale
448 2829 499 2859 ee
530 2817 754 2871 maggiore
786 2816 903 2860 forse
934 2830 1024 2859 non
1057 2829 1238 2871 appare,
1270 2814 1476 2857 massime
1508 2814 1556 2857 in
1588 2811 1658 2854 chi
1690 2811 1748 2853 ha
1780 2824 1805 2852 a
1833 2822 2007 2851 cercare

220 2887 375 2930 l'aiuto
414 2888 548 2939 altrui
580 2890 665 2931 etc.
718 2888 775 2930 Et
804 2887 1012 2943 preteriti
1043 2886 1156 2930 ratio
1188 2886 1303 2929 scire
1335 2886 1486 2930 futura
1515 2879 1657 2927 facits
1687 2882 1735 2925 Si
1769 2881 1864 2937 che,
1904 2892 2005 2926 cum

338 3053 370 3090 a)
391 3051 515 3081 domini
533 3051 615 3090 fehlt
635 3051 759 3083 Druck·
