2216 3432
100 0 200 34 ''7¹¹⁸‘'
242 0 256 18 Ἴ

0 0 97 224 Γ
452 183 494 219 A.
536 183 680 219 Johann
705 184 842 220 XXIII.
867 186 940 220 und
967 187 1022 221 die
1048 187 1349 235 Verbereitungen
1375 202 1452 226 zum
1476 193 1614 231 Konzil.
1655 195 1715 231 Nr.
1741 196 1796 232 59.
1919 188 2002 229 263

243 291 320 337 59.
377 291 468 334 Der
514 290 629 332 Rath
673 306 750 333 von
802 289 980 349 Venediy
1028 294 1257 338 beschliesst
1303 298 1386 353 auf
1428 297 1565 341 Bitcen
1610 301 1679 342 des
1721 301 1892 358 Pap-stes
1933 303 2003 345 Jo-

242 363 354 406 Ῐιαηη
385 361 559 403 XXIII.
603 362 682 404 den
728 362 831 405 heim
863 362 1011 406 Konzil
1049 365 1230 422 tlcd‘tifsen
1262 365 1418 409 Doktor
1463 368 1651 425 Raphael
1685 370 1874 427 Fulyosii
1906 374 2004 415 noch

243 435 391 491 ld‘nyer
419 436 464 476 in
494 432 711 475 Konstanz
741 448 793 475 zu
822 433 1003 477 helas-sen
1033 437 1119 477 und
1148 438 1285 480 sendec'
1314 439 1404 480 dem
1428 438 1557 495 Papst
1588 443 1701 483 einen
1727 441 1853 498 Brief
1877 444 2005 486 dieses

785 503 980 548 Inhaltes,
1045 506 1156 547 1414
1189 507 1412 551 December
1443 509 1482 552 4.

201 603 228 645 5
292 599 390 635 >Ans
419 599 672 635 Staatsarcloiv
711 599 855 646 Venediy
885 600 1153 635 Deliberacioni
1177 602 1236 636 del
1260 602 1391 636 Senato
1420 603 1482 637 Bd.
1509 605 1531 637 5
1547 605 1616 649 sol.
1644 604 1721 639 180.

365 697 482 739 Cum,
511 695 717 739 dominus
749 709 867 750 papa
899 696 1191 750 requisiverat
1229 710 1309 739 nos
1346 697 1563 741 instanter
1599 713 1679 754 per
1711 714 1812 742 suas
1844 701 2006 755 literas,

242 771 292 812 ut
323 770 371 811 in
412 767 842 822 contemplacionem
876 780 1001 808 suam
1035 769 1078 809 et
1110 781 1191 821 pro
1232 769 1348 811 bono
1393 770 1661 823 agendorum
1702 771 1871 813 concilii
1902 773 2007 814 veli-

242 853 342 883 mus
385 852 626 894 prorogare
660 837 886 881 licentiam
928 838 1102 892 egregio
1144 839 1251 881 iuris
1292 840 1459 882 doctori
1491 840 1705 894 Raphaeli
1736 842 2007 899 Fulgossi01)

243 911 391 954 standi
414 912 467 954 ad
494 910 766 966 prelibatum
793 910 1029 952 concilium
1052 923 1194 964 usque
1225 911 1280 953 ad
1299 911 1680 966 complementum,
1705 913 1746 953 et
1768 912 1824 953 sit
1845 913 2008 955 bonum

175 985 229 1027 10
244 983 393 1025 eidem
426 982 606 1024 domino
639 995 812 1024 summo
850 981 1050 1035 pontifici
1084 982 1356 1035 complacere
1399 983 1451 1024 de
1483 982 1559 1024 tali
1601 983 1887 1038 requisitione
1930 997 2008 1038 per

243 1068 371 1097 suam
413 1053 738 1096 beatitudinem
788 1052 916 1094 nobis
965 1052 1093 1104 facta,
1136 1053 1255 1095 vadit
1296 1066 1414 1108 pars,
1447 1054 1566 1107 quod
1596 1053 1794 1107 predicto
1834 1054 2007 1096 domino

242 1139 358 1181 pape
391 1125 612 1168 scribatur
652 1125 700 1166 in
754 1124 895 1166 forma
937 1123 1222 1179 infrascripta
1275 1126 1318 1166 et
1356 1124 1558 1166 similiter
1603 1124 1799 1178 predicto
1833 1125 2008 1166 domino

244 1198 479 1253 Raphaeli,
511 1197 741 1240 videlicet:

923 1269 1104 1310 Summo
1137 1266 1347 1321 pontifici.

175 1341 227 1383 15
361 1339 525 1383 Brevia
565 1342 714 1382 vestre
745 1339 1035 1382 beatitudinis
1076 1340 1178 1381 data
1210 1337 1464 1380 Constantie
1506 1337 1586 1378 sub
1619 1337 1749 1379 anulo
1780 1336 2008 1390 piscatoris

243 1412 314 1454 die
344 1412 416 1454 XI.
446 1411 713 1454 Novembris
748 1412 948 1466 proximo
982 1411 1120 1465 elapsi
1153 1424 1231 1464 ego
1263 1423 1448 1464 meaque
1480 1409 1782 1460 communitas,
1815 1407 2008 1449 eiusdem

241 1482 532 1526 beatitudinis
574 1482 655 1525 filii
689 1482 963 1526 devotissimi
1006 1496 1106 1525 cum
1139 1495 1227 1536 qua
1258 1482 1385 1524 decet
1416 1479 1661 1523 reverentia
1702 1481 1744 1521 et
1776 1477 2006 1521 devotione

241 1671 318 1703 suo,
344 1671 408 1706 pro
435 1661 569 1695 honore
595 1660 700 1695 etiam
727 1661 841 1694 nostri
865 1660 1010 1694 dominii
1029 1659 1264 1693 committatur
1281 1658 1446 1702 potestati
1464 1656 1614 1696 Leuiaci‚
1641 1654 1732 1699 quod
1752 1654 1787 1687 in
1806 1653 2006 1687 honorando

242 1723 276 1755 et
299 1720 538 1766 presentando
566 1721 636 1765 ipsi
664 1721 807 1754 domino
835 1730 926 1764 pape
954 1719 1079 1753 debeat
1097 1718 1293 1763 expendere
1311 1727 1422 1761 usque
1440 1716 1483 1750 ad
1502 1725 1668 1749 summam
1687 1714 1849 1747 librarum
1869 1715 2004 1746 eentum

102 1792 105 1794 ·
171 1782 229 1824 20
242 1781 285 1815 de
310 1781 372 1815 illa
398 1783 539 1815 moneta
564 1781 602 1815 in
627 1780 700 1814 illis
727 1780 846 1822 rebus,
874 1790 941 1824 que
968 1779 1037 1812 sibi
1062 1778 1284 1813 videbuntur.

934 1839 983 1872 De
1010 1840 1108 1883 parte
1135 1847 1253 1871 omnes
1279 1836 1339 1870 alii

934 1898 976 1932 de
1002 1907 1073 1931 non
1297 1896 1320 1929 4

936 1968 1008 1991 non
1033 1957 1161 1990 sinceri
1298 1955 1329 1990 3.
1547 1967 1550 1970 ⁴

241 2019 307 2054 Bel.
339 2019 363 2053 6
391 2019 462 2065 fol.
497 2018 566 2053 163
603 2031 681 2052 zum
718 2018 775 2052 28.
814 2016 1021 2064 September
1056 2014 1158 2049 1414.
1216 2014 1284 2048 Die
1316 2012 1494 2047 Rekloren
1526 2021 1593 2044 von
1632 2008 1766 2043 Verona
1803 2006 1918 2040 hatten
1955 2017 2005 2039 um

170 2079 225 2121 25
242 2078 399 2125 Austray
424 2078 584 2125 glebam,
611 2078 675 2112 'wie
703 2078 753 2112 sie
781 2078 855 2112 sicle
883 2077 971 2111 heim
990 2075 1185 2120 Durclzzuy
1211 2074 1270 2107 des
1289 2072 1438 2118 Papstes
1463 2082 1508 2104 za
1528 2069 1707 2104 verlzaltcn
1732 2067 1859 2108 leiitten,
1886 2065 2005 2099 beson-

241 2139 324 2173 ders
356 2150 456 2173 wenn
487 2138 542 2173 die
569 2138 667 2172 Zalzl
694 2138 759 2172 der
786 2138 910 2172 Reiter
942 2136 1038 2170 mehr
1070 2136 1122 2169 als
1148 2131 1336 2168 200—300
1366 2130 1435 2165 sci.-
1472 2128 1704 2168 Declaramus,
1733 2152 1740 2159 .
1766 2154 1773 2162 .
1801 2151 1809 2159 .
1835 2127 2005 2169 quatenus

241 2199 394 2233 debeant
425 2199 527 2243 sequi
558 2198 762 2232 mandatum
795 2200 967 2238 nostrum,
1006 2196 1099 2240 quod
1130 2194 1217 2228 alias
1249 2192 1317 2226 sibi
1354 2190 1497 2224 fecimus
1532 2188 1573 2221 de
1608 2186 1845 2230 acceptatione
1876 2183 2004 2217 domini

241 2269 333 2303 pape
360 2258 567 2292 honorando
594 2258 818 2292 sanctitatem
846 2267 945 2290 suam
972 2258 1007 2290 et
1032 2254 1146 2289 eundo
1173 2253 1241 2286 sibi
1267 2250 1402 2285 obviam
1429 2258 1520 2282 unus
1547 2247 1702 2291 ipsorum
1729 2246 1897 2278 rectorum
1929 2252 2004 2275 cum

241 2318 321 2352 aliis
354 2317 536 2351 nobilibus
570 2320 604 2351 et
631 2317 766 2351 civibus
794 2317 933 2350 Verone
970 2325 1010 2348 ac
1036 2313 1211 2358 possendo
1238 2309 1431 2355 expendere
1456 2317 1568 2351 usque
1594 2305 1637 2338 ad
1663 2313 1840 2344 summam,
1872 2301 1913 2335 de
1939 2311 2006 2344 qua

170 2377 228 2419 30
242 2377 443 2411 habuerunt
478 2376 684 2411 mandatum
718 2387 739 2410 a
771 2375 925 2410 dominio
958 2376 1097 2414 nostro,
1130 2371 1292 2405 videlicet
1324 2368 1525 2402 ducatorum
1559 2363 1705 2399 CXXX.
1762 2362 1811 2395 De
1842 2360 2003 2405 gentibus

235 2438 277 2471 «et
295 2436 476 2481 equitibus
494 2446 588 2478 vero,
615 2436 676 2480 qui
702 2438 736 2469 et
762 2446 829 2479 que
855 2434 970 2468 forent
995 2433 1187 2467 transiture
1212 2431 1248 2464 in
1265 2428 1430 2463 societate
1449 2428 1483 2459 et
1500 2434 1562 2469 pro
1581 2423 1746 2457 socictate
1764 2430 1838 2461 sua,
1859 2419 2006 2452 debeant

241 2495 325 2529 dare
350 2497 530 2539 receptum
557 2497 592 2529 et
617 2495 805 2529 transitum
833 2504 945 2538 usque
972 2492 1107 2537 equites
1140 2489 1221 2524 CCC
1248 2488 1301 2523 vel
1328 2485 1437 2521 CCCC
1462 2482 1630 2523 faciende,
1664 2479 1755 2524 quod
1787 2489 1824 2513 se
1849 2477 2003 2511 colocent

241 2554 379 2598 equites
398 2554 548 2599 predicti
565 2555 603 2588 in
621 2554 707 2588 locis
727 2554 917 2589 habilibus,
944 2553 1133 2586 Personam
1153 2552 1266 2583 autem
1287 2546 1417 2580 domini
1432 2554 1533 2588 pape,
1548 2541 1762 2575 dominorum
1779 2536 2004 2572 cardinalium

241 2623 282 2647 ac
308 2622 392 2646 suos
419 2613 575 2657 prelatos
602 2615 637 2647 et
663 2613 812 2647 curiales
840 2612 992 2646 debeant
1018 2610 1160 2644 allozari
1186 2608 1298 2642 faeere
1324 2606 1361 2639 in
1386 2604 1446 2638 illo
1474 2601 1637 2635 habiliori
1662 2599 1747 2642 loco,
1776 2596 1834 2640 qui
1859 2596 1905 2630 sit
1929 2604 2003 2627 cum

171 2672 226 2715 35
242 2672 390 2706 comodo
418 2674 453 2706 et
479 2671 603 2706 dextro
631 2682 862 2716 personarum
876 2671 1002 2715 vipsius
1022 2669 1153 2703 domini
1172 2677 1262 2712 pape
1280 2676 1318 2699 ac
1337 2662 1562 2698 cardinalium
1582 2662 1616 2693 et
1633 2658 1777 2692 aliorum
1796 2654 2003 2699 prelatorum

242 2734 277 2766 et
304 2731 490 2766 curialium
517 2741 558 2765 ac
583 2741 661 2765 cum
687 2731 820 2765 honore
846 2740 910 2764 suo
938 2732 972 2764 et
998 2728 1128 2762 honore
1154 2725 1267 2760 nostri
1293 2722 1435 2757 domini.
1976 2769 1982 2775 ·

363 2792 389 2835 ¹)
419 2790 586 2837 Raphael
613 2790 655 2824 de
690 2788 875 2835 Fulyossio
914 2786 1119 2833 (Fulyosa's)
1155 2785 1282 2830 yeleeirc
1315 2793 1360 2815 Ζιι
1395 2780 1461 2814 den
1491 2778 1567 2812 vier
1599 2770 1937 2809 Komilsaclvokatan
1969 2780 2004 2801 m

242 2849 438 2893 Konstanz,
475 2849 530 2883 die
563 2860 619 2882 am
650 2847 705 2882 12.
734 2847 934 2882 November
966 2845 1058 2880 1414
1094 2845 1259 2888 verlanyt
1288 2840 1437 2875 wurden.
1488 2835 1549 2870 Sie
1583 2832 1759 2868 betricbcn
1794 2828 1902 2863 nebcn
1938 2826 2004 2861 den

242 2908 406 2944 Konzils-
438 2908 528 2943 auch
554 2907 877 2954 Privatyesclzc‘ifte.
928 2905 1092 2952 Raphael
1123 2902 1199 2949 yibt
1226 2901 1288 2934 mit
1316 2899 1391 2933 dam
1422 2895 1662 2930 bertilmiteren
1692 2889 1849 2924 duris-ten
1878 2885 2002 2920 Petrus

169 2969 283 3012 40de
309 2967 526 3003 Aneleorano
559 2979 615 3001 am
645 2965 701 3001 15.
733 2965 899 3001 Februar
931 2964 1023 2998 1415
1060 2963 1115 2997 die
1147 2960 1352 3004 Erkliiraemy
1383 2955 1436 3001 ab,
1475 2954 1557 2988 (lass
1588 2950 1726 2986 ιΙοΙιαηη
1751 2944 1882 2981 XXIII.
1918 2942 2001 2977 olene

240 3027 396 3074 Zwet'fel
426 3028 463 3062 in
493 3026 549 3061 die
585 3024 733 3061 Cession
768 3025 923 3071 williyen
952 3023 1079 3058 werde.
1131 3020 1242 3055 Sonst
1269 3019 1317 3052 ist
1346 3014 1397 3051 erv
1417 3013 1514 3048 nicht
1543 3011 1577 3046 in
1609 3010 1675 3043 den
1699 3006 1813 3041 Aleten
1841 3005 2000 3049 yenannt.

253 3085 432 3124 Vielleicht
459 3087 509 3123 ist
532 3097 573 3121 er
597 3086 689 3123 nacla
713 3084 872 3121 dohanas
897 3082 983 3120 Fall
1011 3081 1100 3118 nach
1126 3078 1249 3115 Padua
1275 3076 1341 3121 aas
1362 3074 1480 3111 semen
1506 3066 1692 3105 Lelarstalel
1712 3060 1999 3110 zurz’ickqekelzrt.
