2216 3432
232 166 317 207 330
516 194 526 202 -.
553 172 611 207 ΙΙΙ.
637 169 836 205 Abschnitt.
889 165 1155 211 Vorgeschichte
1181 164 1242 198 des
1269 163 1489 198 Konstanzer
1513 162 1672 198 Konzils.

349 279 411 334 [3]
474 278 529 319 Et
574 289 709 330 quare
752 274 869 315 istud
915 271 1143 324 negocium
1179 269 1353 312 videtur
1390 281 1577 310 comune
1613 267 1727 309 inter
1764 267 1992 310 dominum

232 353 428 392 nostrum
459 360 621 402 papam
653 347 696 387 et
726 344 939 385 illustrem
971 355 1115 395 regem
1144 340 1412 394 Aragonum,
1443 341 1534 380 tam
1566 351 1618 380 ex
1650 338 1766 379 dicta
1787 340 1993 392 requesta

232 422 343 462 sacta
389 433 468 473 pro
512 419 635 471 parte
677 415 779 456 dicti
817 412 981 454 domini
1023 412 1137 464 regis
1175 411 1497 461 Romanorum,
1530 422 1616 462 que
1650 409 1992 451 convencionem

232 505 307 532 seu
352 490 564 531 visionem
612 486 838 538 utriusque
886 497 936 524 ex
986 482 1139 523 eadem
1185 494 1318 522 causa
1362 479 1555 534 requirit,
1589 492 1722 533 quam
1765 479 1902 521 eciam
1940 493 1991 522 ex

233 563 384 602 mutua
423 558 652 600 dilectione
692 558 734 596 et
772 554 1014 604 affectione,
1055 552 1216 605 quibus
1249 551 1454 592 dominus
1488 551 1639 591 noster
1670 563 1787 604 papa
1819 552 1862 592 et
1893 549 2033 605 pre-5

236 632 348 672 satus
373 644 443 671 rex
468 630 718 681 Aragonnm
749 628 846 666 sunt
878 625 1061 665 invicem
1085 622 1259 676 alligati,
1294 623 1333 662 et
1359 621 1454 662 aliis
1478 621 1722 662 rationibus
1744 621 1993 678 legitimis⁸¹>

233 704 275 742 et
297 701 401 742 satis
424 699 697 741 evidentibus
730 711 808 737 nec
831 696 1034 736 (lominus
1061 696 1209 735 noster
1232 692 1375 746 potuit
1398 691 1641 743 commode,
1666 692 1777 733 sicut
1800 706 1881 734 nec
1903 693 1992 735 dic-

230 774 299 812 tus
333 771 534 811 dominus
569 782 638 809 rex
675 768 925 820 Arugonum
959 765 1108 814 voluit,
1150 764 1191 804 in
1227 764 1306 804 buc
1339 762 1521 803 materia
1553 762 1795 804 deliberare
1827 765 1870 805 et
1903 777 1992 805 res-

231 842 437 895 pondere,
478 841 615 880 donoc
654 838 734 891 ipsi
775 838 861 877 (luo
901 852 947 876 se
989 835 1170 876 invicem
1215 834 1411 874 viderent
1454 834 1496 874 et
1533 833 1663 886 plene
1703 847 1838 887 super
1868 835 1992 875 tanto

233 912 402 965 negotio
447 910 753 957 deliberarent,
796 908 913 960 quod
957 906 1235 947 obstantibus
1274 904 1598 957 impedimentis
1637 904 1822 945 aliorum
1861 903 2065 959 nego-10

232 983 393 1022 riorum
435 981 538 1021 sutis
580 981 814 1020 arduorum
856 978 946 1018 lieri
990 991 1075 1018 non
1117 976 1259 1029 potuit
1299 989 1439 1028 usque
1473 976 1572 1028 post
1604 974 1797 1015 medium
1830 975 1992 1017 mensis

230 1052 327 1092 Julii
362 1053 402 1092 et
435 1065 484 1091 cx
517 1053 633 1097 tunc,
667 1052 879 1103 quantum
914 1049 989 1089 suit
1026 1047 1247 1101 possibile,
1283 1047 1324 1087 in
1358 1060 1410 1086 eo
1443 1045 1537 1086 solo
1571 1047 1613 1086 et
1652 1045 1746 1085 aliis
1779 1046 1993 1087 adheren-

231 1123 346 1163 tibus
387 1122 588 1174 negocio„
640 1135 724 1174 que
769 1121 974 1160 unionem
1025 1120 1291 1159 concernunt
1340 1116 1597 1158 universalis
1642 1116 1841 1167 ecclesie,
1890 1116 1993 1158 dicti

232 1192 394 1233 domini
440 1192 735 1245 principaliter
782 1192 1037 1231 laborarunt.
1083 1191 1121 1229 ct
1170 1189 1222 1229 nd
1269 1188 1401 1229 finem
1451 1187 1640 1228 maximo
1689 1200 1788 1227 cum
1833 1187 1992 1229 affectu

233 1263 406 1303 unionis⁴
450 1262 640 1306 ecclesie,
686 1262 729 1302 in
769 1276 855 1314 qua
899 1261 1076 1301 credunt
1114 1260 1257 1312 ipsum
1293 1272 1436 1312 regem
1470 1259 1774 1300 Romanorum
1807 1258 1992 1299 similem
2013 1257 2063 1297 15

232 1334 432 1374 affectum
474 1333 646 1378 babere,
696 1332 989 1373 deliberarunt
1031 1331 1243 1372 assentire
1283 1331 1486 1382 requeste
1526 1329 1664 1383 ipsius
1698 1331 1740 1370 et
1778 1329 1833 1370 ad
1870 1328 1914 1370 id
1947 1342 1994 1370 se

233 1405 466 1457 disponere
499 1403 598 1443 totis
632 1403 869 1456 precordiis=
909 1405 946 1442 et
983 1402 1154 1446 affectu,
1196 1414 1329 1453 super
1367 1413 1455 1453 quo
1495 1400 1693 1452 negocio,
1731 1400 1785 1441 de
1818 1399 1993 1440 duobus

232 1474 404 1527 punctis
436 1474 579 1526 ipsum
613 1474 934 1514 declarantibus
971 1473 1048 1513 fuit
1072 1472 1140 1512 bic
1164 1471 1469 1519 deliberatum,
1493 1471 1547 1512 de
1569 1473 1769 1524 tempore
1791 1470 1994 1512 videlicet

231 1546 360 1597 atque
394 1544 499 1584 loco.

349 1615 410 1669 [4]
474 1615 521 1655 Et
560 1615 652 1655 livet
689 1629 821 1667 super
853 1615 992 1667 primo
1027 1614 1231 1655 dominus
1266 1614 1415 1654 noster
1447 1626 1563 1666 papa
1602 1612 1825 1653 affectaret
1857 1611 1994 1653 eciam
2009 1610 2066 1650 20

232 1687 274 1725 et.
306 1686 488 1734 affectet,
523 1686 639 1737 quod
681 1685 761 1725 istu
802 1688 951 1725 mutim
994 1685 1103 1726 visio
1144 1685 1228 1725 cito
1268 1684 1393 1724 eitius
1435 1682 1743 1736 compleretur,
1782 1683 1994 1735 tanquam

232 1755 319 1806 illo,
363 1755 435 1807 qui
471 1756 676 1795 unionem
709 1756 793 1796 ium
832 1756 990 1796 (lictum
1039 1758 1081 1796 et
1113 1756 1205 1796 vius
1255 1754 1488 1808 possibiles
1530 1754 1585 1794 ad
1626 1753 1832 1804 eandem,
1883 1752 1995 1793 sicut

232 1839 307 1877 pre
331 1826 482 1866 ceteris
516 1826 765 1867 bominibus
799 1827 1029 1880 obligatur,
1063 1827 1123 1867 itu
1156 1827 1292 1867 eciam
1317 1840 1394 1879 pre
1418 1825 1573 1866 ceteris
1596 1824 1744 1865 studet
1765 1823 1871 1865 totis
1894 1836 1994 1877 pre-

233 1896 388 1935 cordiis
421 1910 667 1949 prornranw,
708 1898 810 1950 quia
850 1900 994 1938 tannen
1036 1900 1217 1950 propter
1255 1910 1423 1949 ycinem
1464 1895 1847 1950 supervenientem
1888 1894 1994 1935 citra

234 1979 425 2006 mensem
460 1967 620 2019 Aprilis
654 1970 826 2021 tempus
860 1969 913 2008 ud
948 1982 1098 2009 secure
1133 1968 1426 2020 navigandum
1460 1966 1726 2021 dispositum
1760 1978 1849 2007 non
1881 1964 1993 2006 exis·
2009 1962 2063 2004 25

232 2035 294 2084 tit„
334 2050 420 2076 non
453 2039 641 2079 creditur
673 2039 832 2079 dictum
867 2039 1207 2079 convencionenl
1241 2052 1319 2079 seu
1353 2038 1568 2079 visionem
1600 2050 1732 2091 posse
1765 2035 1994 2077 commode

232 2105 322 2146 sieri
360 2121 437 2159 per
477 2110 727 2162 utrumque,
769 2111 849 2150 boc
883 2112 946 2150 est
981 2124 1058 2163 per
1091 2110 1317 2150 dominum
1352 2110 1550 2149 nostrum
1584 2107 1714 2149 simul
1747 2120 1846 2148 cum
1878 2106 1994 2148 dicto

234 2190 330 2228 rege
353 2178 617 2231 Aragonum,
653 2181 757 2221 citra
790 2181 953 2223 dictum
976 2194 1171 2222 mensem
1196 2180 1360 2233 Aprilis
1384 2179 1581 2233 proxime
1606 2179 1812 2220 futurum.
1868 2177 1995 2219 Ideo-

234 2260 318 2298 que
352 2248 668 2290 ambaxiutores
702 2252 865 2293 domini
900 2252 1035 2293 nostri
1069 2252 1122 2293 de
1146 2251 1350 2292 concordi
1374 2251 1696 2292 deliberacione
1719 2249 1995 2291 coambaxia-

233 2318 376 2358 torum
420 2319 519 2360 dicti
566 2321 727 2362 ‹lomini
777 2323 887 2375 regis
932 2323 1184 2375 Aragonum
1234 2322 1473 2364 firmabunt
1522 2335 1621 2363 cum
1670 2321 1851 2362 domino
1896 2332 1995 2372 rege
2011 2316 2068 2358 30

235 2387 547 2442 Romanorum,
581 2392 698 2444 quod
732 2394 967 2434 convencio
1001 2407 1078 2434 seu
1102 2396 1253 2435 mutua
1275 2394 1384 2435 visio
1408 2393 1660 2447 supradicta
1680 2391 1758 2433 fiat
1777 2391 1822 2432 in
1844 2403 1996 2432 mense

234 2456 395 2510 Aprilis
427 2459 513 2500 iam
545 2461 659 2503 dicto
692 2463 759 2504 vel
792 2464 835 2504 in
869 2464 1015 2517 aliquo
1039 2464 1092 2505 de
1115 2464 1257 2506 tribus
1280 2465 1508 2506 mensibus
1532 2462 1784 2505 immediate
1806 2473 1995 2516 sequen-

233 2527 363 2580 tibus,
397 2530 478 2571 boc
510 2533 576 2572 est
607 2532 650 2572 in
683 2534 821 2587 Mayo,
854 2534 982 2575 Junio
1015 2535 1083 2575 vel
1115 2535 1229 2576 Julio
1263 2536 1318 2576 ad
1351 2536 1451 2589 plus
1483 2531 1624 2589 longe.

353 2598 415 2653 [5]
478 2601 621 2655 Super
667 2603 762 2644 loco
807 2618 932 2657 vem,
979 2606 1082 2658 quia
1126 2606 1181 2647 de
1227 2605 1369 2647 tribus
1408 2605 1568 2647 oblatis
1607 2617 1688 2659 pro
1725 2605 1852 2659 parte
1890 2601 1994 2644 dicti

236 2667 398 2709 domini
430 2672 542 2724 regis
566 2673 868 2716 Romanorum
901 2676 1238 2718 conveniencior
1270 2675 1506 2730 disposicio
1538 2677 1630 2717 tam
1657 2675 1862 2730 respectu
1893 2672 1996 2715 dicti
2011 2668 2066 2711 35

235 2738 347 2790 regis
372 2739 673 2784 Romanorum
705 2758 837 2797 quam
871 2746 1038 2787 domini
1071 2747 1210 2788 nostri
1241 2759 1358 2801 pape
1389 2748 1434 2789 et
1463 2746 1578 2801 regis
1609 2746 1865 2800 Aragonum
1895 2756 1996 2799 pre-

235 2805 369 2860 libati,
416 2810 614 2863 pluribus
652 2814 992 2858 circumstanciis
1033 2817 1224 2870 attentis,
1265 2817 1441 2859 videtur
1478 2829 1575 2859 esse
1611 2817 1659 2859 in
1696 2816 1793 2858 loco
1834 2814 1995 2868 medio,

236 2875 319 2917 hoe
356 2880 422 2920 est
461 2880 505 2921 in
536 2882 660 2925 Nicia
697 2897 830 2938 quam
870 2887 916 2927 in
954 2887 1063 2940 aliis,
1101 2888 1403 2942 procurabunt
1439 2887 1542 2930 dicti
1575 2887 1743 2930 domini
1773 2884 1996 2928 ambaxia-

352 3041 382 3077 8)
402 3042 475 3078 Req-
493 3044 550 3072 hat
568 3045 723 3081 legitime.
