2216 3432
206 137 289 178 392
529 145 589 180 111.
617 144 817 181 Abschnitt.
867 143 1140 189 Vorgeschichte
1166 143 1227 178 des
1253 143 1479 178 Konstanzer
1502 143 1662 182 Konzils.

205 256 357 296 nostra
389 251 655 295 unanimiter
699 250 945 304 suspirant,
987 251 1171 304 viasque
1211 251 1253 292 et
1292 249 1450 292 modos
1488 249 1761 305 exquirimus
1799 250 1856 293 ad
1886 251 1978 294 tam

205 324 347 366 sancti
383 324 528 378 operis
561 321 995 376 prosecutionemet
1028 320 1263 375 presertim
1295 320 1573 363 Turchorum
1605 320 1804 375 ipsorum
1836 321 1978 366 nomi-

206 395 274 437 nis
307 393 533 436 christiani
566 392 971 447 blasphemo1·um¹¹)
1004 391 1382 433 conculcationem
1407 393 1451 433 et
1473 392 1818 447 propulsionem.
1872 390 1980 449 Atb)

208 469 255 508 ut
298 465 516 507 salubrius
557 464 601 506 id
642 476 851 517 peragere
899 462 1121 517 possimus
1169 462 1355 505 consilio
1403 462 1647 505 deliberato
1695 463 1784 505 alta
1832 466 1980 506 mente

209 536 491 591 concepimus
513 549 604 587 vos,
638 535 673 577 si
704 535 862 589 placet,
897 534 938 574 in
973 533 1172 588 predicte
1203 532 1490 575 fraternitatis
1523 535 1673 576 nostre
1699 533 2021 588 participium5

218 609 442 662 gratanter
480 606 718 658 associare,
768 608 815 646 ut
853 605 968 646 inter
1012 617 1090 645 nos
1140 606 1182 645 et
1220 618 1299 646 vos
1338 603 1637 660 fraternitas‘)
1684 604 1872 648 indivisa
1903 605 1981 647 de-

210 681 358 720 cetero
391 678 660 731 perseveret.
713 676 836 717 Vires
870 688 1060 728 namque
1095 676 1356 728 congregate
1389 675 1434 716 in
1466 687 1604 717 unum
1636 675 1844 718 validiora
1877 688 1981 718 con-

209 750 448 791 sueverunt
481 748 524 789 in
558 761 604 788 se
637 747 830 800 recipere
863 745 1134 788 fortitudinis
1166 746 1451 787 incrementa.
1500 745 1774 788 Affectamus
1806 759 1982 801 quoque

212 821 266 862 ad
311 819 421 860 tanti
466 819 629 872 negotii
675 817 1055 872 prosecutionem,
1101 815 1144 857 in
1185 829 1272 870 quo
1315 817 1469 870 utique
1511 830 1582 858 res
1624 817 1784 859 excelsi
1826 817 1981 872 agitur,

211 890 286 945 qui
320 892 517 944 tempora
550 891 689 930 mutat
724 891 766 930 et
800 886 1058 939 transfertss)
1100 901 1232 941 regna
1275 889 1319 929 et
1358 889 1528 941 gentes,
1568 901 1645 930 vos
1678 890 1853 931 nostros
1886 902 1982 930 esse
2002 888 2054 930 10

212 964 517 1014 cooperatores
566 962 801 1013 vestroque
855 958 1040 1000 concilio
1093 960 1137 1000 et
1190 958 1442 1012 promiscua
1494 959 1806 1013 cooperatione
1855 959 1982 1014 dirigi

211 1034 341 1086 atque
386 1032 472 1073 uti:
520 1031 653 1072 Vobis
695 1030 812 1071 enim
858 1032 1082 1083 tamquam
1122 1030 1257 1083 magis
1300 1031 1481 1083 experto
1523 1030 1721 1072 notiores
1761 1032 1862 1072 sunt
1898 1031 1982 1084 vie,

211 1104 326 1145 modi
370 1104 412 1144 et
454 1102 582 1153 ordo,
631 1101 819 1155 qualiter
859 1101 1015 1142 melius
1062 1103 1105 1142 et
1149 1100 1370 1142 efficacius
1419 1101 1599 1154 procedi
1648 1103 1798 1155 posset
1831 1102 1984 1145 contra

213 1175 379 1215 Turcos
412 1173 634 1227 predictos
668 1172 991 1226 qualiterque⁰)
1030 1185 1106 1213 eos
1145 1172 1199 1213 de
1237 1171 1400 1213 finibus
1434 1171 1529 1214 istis
1572 1172 1799 1215 eliminare
1831 1186 1983 1227 posse-

210 1259 321 1296 mus,
355 1246 397 1285 et
430 1244 528 1285 ideo
562 1243 721 1284 rescire
760 1247 1015 1296 optaremus
1055 1256 1190 1297 super
1223 1242 1305 1284 hiis
1338 1244 1531 1285 vestrum
1565 1243 1798 1286 concilium
1831 1245 1875 1285 et
1906 1243 2054 1286 vo-15

211 1317 438 1364 luntatem,
474 1317 520 1356 ut
554 1314 719 1367 experti
754 1314 807 1355 de
832 1316 981 1355 vestro
1005 1314 1189 1355 concilio
1222 1316 1264 1355 et
1287 1314 1516 1356 voluntate
1548 1327 1783 1368 processus
1807 1316 1982 1357 nostros

215 1386 459 1428 secundum
512 1385 594 1426 hoc
648 1397 879 1438 possemus
933 1382 1258 1439 pertinenter')
1318 1384 1530 1438 regulare.
1620 1386 1797 1428 Placeat
1848 1385 1982 1439 igitur

212 1458 406 1498 mentem
440 1457 626 1497 vestram
659 1468 791 1509 super
824 1454 909 1496 biis
943 1455 1069 1497 nobis
1103 1455 1295 1509 aperire!

331 1527 417 1568 Sed
452 1526 568 1580 quia,
603 1539 832 1580 quousque
867 1526 1014 1567 nuncii
1049 1526 1186 1568 nostri
1225 1526 1329 1568 illuc
1361 1526 1416 1568 ad
1450 1539 1526 1568 vos
1564 1526 1767 1569 venirent
1809 1529 1854 1569 et
1887 1539 1982 1569 rur-

214 1612 311 1640 sum
354 1612 377 1640 a
417 1598 540 1639 vobis
591 1596 912 1651 responsionis,
962 1596 1131 1638 consilii
1174 1599 1214 1638 et
1258 1596 1498 1639 voluntatis
1541 1599 1686 1640 vestre
1726 1597 2054 1641 deliberat1020

213 1670 339 1711 nobis
373 1668 683 1723 reportabitur,
719 1670 886 1710 tantum
921 1668 1083 1710 labitur
1116 1668 1169 1710 de
1202 1669 1462 1723 temporess),
1501 1667 1546 1710 in
1578 1668 1764 1711 instanti
1797 1666 1985 1724 estateh)

214 1742 365 1783 contra
398 1740 516 1793 ipsos
549 1739 717 1781 Turcos
751 1728 1042 1793 personaliter
1074 1739 1315 1793 procedere
1350 1753 1438 1781 non
1472 1739 1668 1782 valemus
1707 1740 1784 1782 sed
1818 1739 1985 1782 exerci-

214 1814 306 1853 tum
331 1813 526 1852 nostrum
561 1812 602 1852 et
625 1812 775 1864 gentes
799 1811 1164 1853 transmittemus.
1211 1811 1372 1852 Verum
1400 1810 1445 1852 in
1469 1811 1552 1853 alia
1576 1809 1759 1862 estate'¹)
1782 1810 1986 1865 sequenti

215 1882 451 1924 auxiliante
486 1882 576 1923 Deo
610 1881 901 1935 personaliter
934 1883 975 1923 et
1008 1881 1314 1935 potentissime
1354 1882 1633 1935 accingemur
1664 1883 1817 1924 contra
1849 1882 1983 1937 ipsos.

337 1953 414 1995 Ille
448 1966 623 2007 semper
657 1965 891 2006 supremus
925 1953 1122 1994 omnium
1145 1953 1395 1995 moderator
1419 1953 1661 2007 disponens
1693 1954 1852 1995 cuncta
1883 1965 1986 1996 sua·
2000 1951 2055 1993 25

215 2025 327 2067 viter
370 2037 458 2066 non
497 2024 592 2065 sine
634 2037 766 2066 causa
808 2024 1025 2066 iustorum
1071 2024 1185 2066 iusta
1229 2024 1446 2066 desideria
1488 2037 1594 2079 sepe
1636 2023 1884 2079 suspendit,
1925 2025 1986 2077 ut,

220 2108 320 2137 cum
354 2094 603 2137 desiderata
644 2095 907 2149 prestiterit,
950 2109 1002 2138 eo
1040 2095 1183 2137 carius
1224 2097 1533 2150 acceptentur,
1572 2107 1660 2149 quo
1699 2094 1881 2150 longiori
1914 2107 1988 2137 ex·-

217 2166 464 2221 pectatione
489 2166 652 2208 fuerint
686 2164 977 2221 expectata¹),
1012 2167 1144 2216 unde,
1174 2166 1277 2220 quia
1300 2167 1506 2208 dominus
1538 2165 1768 2209 exauditor
1791 2165 1988 2208 omnium

218 2237 483 2278 desiderium
507 2250 639 2290 super
662 2237 983 2280 coadunatione
1002 2239 1044 2279 et
1061 2237 1367 2292 pacificatione
1388 2236 1648 2279 universalis
1665 2236 1848 2279 ecclesie
1867 2236 1987 2278 visus

218 2310 284 2349 est
314 2308 527 2349 hactenus
559 2307 807 2359 obaudisse,
839 2321 1109 2363 quamquam
1143 2321 1231 2350 non
1265 2308 1507 2351 audeamus
1542 2307 1726 2349 reddere
1760 2306 1987 2359 rationem,
2003 2305 2060 2348 30

219 2392 270 2420 eo
312 2378 430 2431 quod
473 2380 692 2421 scrutator
732 2379 974 2422 maiestatis
1014 2379 1288 2434 opprimetur
1330 2392 1355 2421 a
1393 2379 1545 2433 gloria,
1589 2378 1692 2453 quia
1725 2390 1814 2421 non
1845 2378 1912 2420 est
1942 2376 1990 2419 in

219 2448 405 2490 hominis
438 2450 657 2501 potestate
690 2451 894 2504 tempora
927 2463 1057 2493 nosse
1089 2450 1159 2492 vel
1191 2451 1429 2503 momenta,
1462 2462 1549 2504 que
1572 2455 1697 2504 pater
1728 2448 1940 2498 luminum,
1963 2462 1990 2488 α

222 2532 299 2572 quo
332 2517 436 2558 bona
460 2526 603 2559 cuncta
627 2519 864 2574 procedunt,
899 2518 944 2562 in
977 2534 1058 2563 sua
1089 2520 1238 2575 posuit
1261 2521 1495 2575 potestate,
1521 2521 1829 2562 verumtamen
1859 2517 1990 2573 polli-

221 2589 356 2640 cetur,
376 2591 422 2630 ut
446 2591 517 2644 qui
534 2592 663 2644 querit
681 2591 884 2632 immitet
900 2589 1162 2646 quodvpetit
1183 2591 1332 2646 accipit
1347 2597 1385 2632 et
1397 2590 1507 2646 quod
1517 2590 1711 2646 pulsanti
1730 2587 1987 2645 aperietur-¹)

339 2660 602 2715 Accepimus
644 2662 842 2714 profecto
883 2662 970 2705 fide
1017 2662 1149 2717 digna
1190 2662 1420 2713 relatione,
1461 2661 1580 2716 quod
1618 2661 1766 2703 vestra
1804 2657 1991 2702 intentio
2005 2658 2061 2702 35

220 2732 423 2773 versatur
455 2732 499 2772 et
530 2732 696 2786 aspirat
729 2733 785 2774 ad
813 2732 910 2786 hoc,
944 2733 1136 2788 qualiter
1167 2732 1354 2775 ecclesia
1386 2732 1526 2775 Greca
1558 2730 1675 2774 uniri
1705 2731 1859 2785 posset
1889 2741 1991 2772 cum

339 2869 369 2902 a)
391 2868 520 2904 plasph.
539 2870 587 2896 B‘.
642 2871 674 2904 b)
694 2871 736 2899 Et
756 2873 804 2899 B‘.
859 2873 888 2906 c)
908 2871 1130 2900 fraternitatis
1151 2873 1188 2900 B.
1238 2872 1271 2907 d)
1290 2871 1471 2900 transferet
1491 2871 1540 2900 B‘.
1585 2870 1615 2906 e)
1636 2869 1923 2906 qualitercumque
1942 2868 1991 2896 B‘.

222 2914 247 2949 f)
268 2915 478 2951 protinentur
498 2916 546 2943 B‘.
594 2917 626 2952 g)
647 2918 706 2946 Bet·
725 2919 753 2946 Β
771 2919 838 2947 und
858 2920 896 2947 B‘
915 2919 1001 2955 solat
1019 2919 1211 2955 abortuum
1229 2920 1276 2948 ut.
1323 2919 1355 2954 h)
1374 2918 1507 2947 hastato
1526 2918 1575 2946 B‘.
1630 2917 1653 2952 1)
1672 2915 1821 2953 expetitu
1839 2916 1878 2944 B.
1912 2915 1992 2944 m·

222 2963 326 2990 weder
345 2963 406 2990 dae
425 2962 575 2997 solyende
595 2964 681 2992 unde
701 2966 781 2993 oder
800 2965 878 3001 quia
895 2966 1096 3002 uber-nauta.
1149 2966 1185 3001 k)
1205 2965 1263 3002 qui
1282 2965 1370 3002 petit
1387 2964 1518 3002 aceepit
1536 2965 1571 2994 et
1587 2963 1737 3001 pulsanti
1757 2963 1807 2992 B‘.

344 3023 370 3070 ι)
394 3022 469 3058 Ααε
494 3022 611 3074 Epist.
636 3023 767 3060 Jacozn·
788 3023 824 3070 2,
850 3024 897 3060 17
920 3025 993 3061 und
1014 3025 1131 3061 Lucan
1160 3025 1215 3074 ιι,
1239 3025 1298 3063 1ο,
2003 3022 2064 3071 40
