2216 3432
339 178 380 215 F.
396 150 808 223 AnhangrSigismunm
827 176 963 222 Gregor
981 176 1063 213 XII.
1080 188 1116 213 u.
1133 176 1279 211 Johann
1295 176 1432 212 XXIII.
1461 177 1704 212 1410—1413.
1731 177 1792 213 Nr.
1810 177 1867 212 29.
1919 167 2001 209 105

223 286 430 329 vestram
460 280 726 327 hortandam
757 282 964 324 duximus
1000 296 1081 337 per
1112 284 1358 337 presentes,
1391 282 1478 336 ipsi
1511 281 1823 324 nichilominus
1855 282 2004 326 iniun-

224 359 379 412 gentes
426 353 775 410 expressissime,
819 354 1045 407 quatinus,
1096 353 1135 396 si
1173 354 1463 407 contingeret,
1516 355 1566 395 ut
1605 353 1836 405 asseritur,
1885 356 2005 408 quod

225 428 370 471 dictus
403 427 610 470 dominus
642 438 718 467 rex
750 424 1011 478 Laydislaus
1046 425 1177 466 vellet
1208 425 1361 467 contra
1392 425 1558 466 statum
1591 423 1757 465 domini
1789 425 1929 466 nostri
1962 426 2006 467 et

221 498 393 554 prefate
426 496 611 540 ecclesie
644 495 896 550 aliqualiter
928 509 976 537 se
1010 508 1200 548 movere,
1234 495 1434 537 debeatis
1467 494 1718 536 firmissime
1751 496 1795 537 et
1820 494 2005 537 viriliter

181 571 300 614 5vos
341 570 542 623 ingerere
579 567 637 610 ad
673 566 972 609 obedientiam
1015 567 1058 608 et
1096 566 1398 609 assistentiam
1445 565 1605 620 prefati
1653 565 1817 607 domini
1865 566 2004 608 nostri

224 653 339 695 pape
372 642 417 682 et
450 640 601 682 sancte
633 637 788 680 matris
822 637 1020 689 ecclesie,
1063 637 1204 679 donec
1240 637 1443 679 uberiose
1476 637 1531 678 ad
1564 636 1705 691 ipsius
1738 639 1782 679 et
1812 639 2005 679 vestram

224 710 552 765 protectionem
573 708 922 764 providebimus,
947 707 1180 761 utriusque
1203 707 1335 761 gladii
1359 708 1608 762 potentiam
1630 708 1836 749 culminis
1859 710 2006 749 osten-

224 782 383 834 dendo,
416 783 465 823 ut
496 794 636 835 penes
668 777 979 822 celsitudinem
1013 780 1211 821 nostram
1242 778 1404 821 vestris
1427 779 1668 820 virtutibus
1692 777 2006 830 mediantibus,

223 853 478 895 obedientia
525 853 571 894 et
613 850 831 893 fidelitate
880 851 997 893 ultra
1042 850 1260 905 premium
1308 852 1460 892 eterne
1503 850 1589 891 vite
1632 852 1676 891 et
1717 849 2006 891 laudabilium

157 928 210 969 10
223 937 397 966 morum
428 923 791 978 predecessorum
825 923 1079 964 nostrorum
1108 921 1270 963 famam
1293 923 1336 963 et
1358 921 1544 974 vestigia
1567 921 1797 975 sequendo
1821 920 2008 973 amplio-

223 1008 319 1036 rem
341 994 527 1048 gratiam
550 995 750 1036 nostram
772 994 895 1035 iuxta
916 992 1191 1035 benemerita
1216 994 1362 1035 vestra
1385 993 1587 1045 ampliari
1612 991 1791 1034 cottidie.
1809 992 2008 1033 antidota

224 1079 313 1108 non
346 1065 553 1107 inmerito
586 1065 803 1106 sentiatis.

223 1242 299 1286 29.
354 1241 514 1298 (Kb‘m'y
554 1241 802 1297 Siyz'smund
843 1257 898 1282 αη
939 1243 1026 1283 eine
1068 1241 1323 1282 italiemsssclze
1363 1240 1503 1295 Stadt)
1550 1242 1738 1295 verlansst
1781 1239 1857 1289 fiir
1903 1241 2010 1280 aeine

230 1311 432 1369 Truppen,
456 1314 521 1355 die
542 1320 660 1354 unter
681 1314 771 1354 dem
794 1312 957 1368 Grafen
980 1312 1179 1354 Bertleold
1201 1312 1346 1353 Orsini
1366 1313 1455 1353 dem
1479 1312 1631 1367 Papste
1654 1311 1821 1352 Jolzamz
1837 1309 2009 1351 XXIII.

159 1383 210 1424 15
449 1399 499 1425 zu
530 1382 661 1439 Hiilfe
691 1384 843 1435 zielzen,
875 1383 1011 1435 freien
1042 1382 1284 1438 Durclczuy.
1348 1382 1483 1437 (1413
1514 1398 1583 1423 um
1613 1382 1784 1437 Juni.¹))

346 1491 553 1543 Illustris,
594 1491 783 1542 nobiles,
825 1491 1119 1542 honorabiles,
1165 1490 1333 1540 fideles,
1367 1490 1538 1532 delecti.
1601 1489 1739 1543 Angit
1782 1502 1863 1530 nos
1905 1502 2012 1529 cura

225 1562 457 1617 potissime
489 1562 607 1604 inter
640 1563 808 1603 ceteras
842 1562 1162 1603 sollicitudines
1194 1561 1468 1602 meditationi
1494 1562 1644 1602 nostre
1667 1559 1906 1600 influentes
1929 1571 2010 1612 pro

227 1633 483 1676 defensione
523 1632 624 1674 fidei
663 1633 918 1679 ozthodoxe,
958 1633 1234 1686 protectione
1268 1634 1550 1673 sacrosancte
1583 1631 1785 1673 Romane
1825 1630 2010 1671 ecclesie

227 1705 270 1746 et
302 1703 567 1746 universalis
606 1705 800 1757 pastoris
844 1704 987 1757 gregis
1022 1702 1226 1745 dominici
1259 1704 1301 1744 et
1334 1704 1594 1744 cunctorum
1627 1702 1894 1755 populorum
1927 1701 2010 1742 sub

155 1776 212 1817 20
227 1775 439 1829 religione
477 1774 763 1816 militantium
804 1774 907 1816 fidei
940 1774 1181 1816 christiane
1216 1774 1479 1816 universalis
1512 1773 1651 1827 patris
1684 1786 1835 1814 curam
1858 1785 2009 1825 gerere

223 1845 405 1899 vigilem
445 1847 489 1887 et
521 1858 674 1886 eorum
716 1846 903 1899 negotiis
937 1847 982 1887 et
1023 1844 1400 1900 oportunitatibus
1438 1846 1666 1897 tamquam
1698 1844 1935 1885 advocatus
1969 1844 2011 1883 et

223 1917 528 1971 propugnator
579 1916 740 1969 iugiter
794 1917 1027 1958 intendere
1081 1919 1285 1958 tenemur
1338 1919 1382 1958 et
1442 1916 1635 1958 diutinas
1683 1914 2011 1966 matutinasque

223 1987 394 2042 vigilias
435 1987 661 2040 adhibere,
703 1991 754 2030 ut
795 1989 849 2029 de
889 1989 1113 2030 laboribus
1159 1988 1382 2041 respirent
1424 1988 1477 2029 ad
1523 1986 1717 2041 quietem
1754 1986 1799 2027 et
1837 1999 1863 2026 a
1900 1983 2011 2025 facie

222 2060 559 2112 persecutorum
582 2062 897 2112 preserventur
919 2058 1048 2101 illesi.
1103 2059 1448 2101 Consideramus
1473 2057 1636 2099 etenim
1660 2056 1803 2110 ipsam
1826 2059 2012 2098 matrem

152 2130 207 2172 925
223 2130 454 2172 ecclesiam
487 2131 532 2172 et
561 2132 786 2184 pastorem
819 2130 961 2184 gregis
995 2129 1201 2172 dominici
1235 2129 1368 2172 variis
1400 2129 1683 2171 vexationum
1715 2130 1760 2170 et
1792 2127 2013 2181 perplexi-

222 2202 365 2244 tatum
395 2201 710 2256 multiplicium
733 2201 997 2244 circumdari
1020 2201 1272 2243 turbinibus
1302 2203 1345 2243 et
1368 2200 1553 2243 diversis
1575 2198 1730 2252 agitari
1752 2198 2013 2253 procellis.²¹)

223 2272 275 2313 In
306 2273 542 2315 continuas
583 2273 777 2327 denique
824 2272 1001 2315 excitati
1039 2272 1210 2327 vigilias
1252 2286 1351 2314 eum
1395 2271 1626 2326 magnifico
1658 2270 1924 2312 Berchtoldo
1959 2270 2012 2310 de

223 2343 396 2385 Ursinis
429 2343 627 2397 palatino
660 2346 704 2386 et
736 2345 896 2386 Swane
941 2345 1104 2386 comite
1136 2343 1296 2399 prefati
1329 2343 1490 2385 summi
1521 2341 1744 2397 pontificis
1784 2343 1827 2383 et
1860 2343 2012 2382 nostro

221 2414 477 2456 consiliario
516 2417 562 2457 et
599 2415 920 2457 ambassiatore
966 2417 1022 2457 ad
1065 2428 1325 2457 succursum
1365 2414 1564 2456 eiusdem
1606 2413 1822 2466 quasdam
1862 2412 2012 2465 gentes

151 2486 209 2528 30
221 2486 266 2527 et
295 2484 533 2527 bellatores
566 2487 719 2528 contra
750 2487 909 2528 faciem
942 2490 1281 2540 persecutorum
1315 2485 1516 2527 eiusdem
1549 2482 1735 2525 ecclesie
1768 2484 1812 2524 et
1845 2480 2011 2523 domini

222 2555 363 2598 nostri
401 2557 485 2598 hac
515 2557 613 2599 vice
645 2556 849 2599 duximus
882 2557 1209 2600 destinandum.
1274 2557 1469 2610 Ideoque
1512 2567 1715 2608 rogamus
1758 2554 1803 2595 et
1845 2553 2013 2594 attente

221 2626 464 2680 hortamur,
495 2627 730 2685 ⁴quatinus
772 2627 997 2682 prefatum
1039 2627 1244 2670 comitem
1283 2627 1601 2668 Berchtoldum
1651 2638 1751 2666 cum
1799 2622 2012 2676 predictis

221 2697 433 2751 gentibus
466 2699 510 2740 et
541 2698 846 2752 bellatoribus,
879 2698 1014 2742 etiam
1047 2700 1082 2741 si
1118 2696 1359 2753 quipiamb)
1393 2711 1445 2739 ex
1470 2696 1580 2751 ipsis
1613 2710 1692 2750 per
1714 2708 1791 2737 vos
1814 2695 1881 2736 vel
1905 2693 2013 2735 alias

154 2771 160 2774 ”
224 2767 494 2811 forbamenti
526 2770 599 2811 vel
629 2770 868 2824 proscripti
901 2770 1047 2812 forent
1069 2771 1146 2812 aut
1168 2769 1552 2823 qualitercumque
1576 2765 1771 2820 relegati,
1804 2765 1850 2806 in
1872 2763 2012 2818 ipsius

151 2839 206 2881 35
222 2839 418 2893 nomine,
460 2840 588 2883 cuius
620 2853 800 2883 causam
833 2842 902 2896 agi
935 2840 1207 2896 conspicitis,
1250 2839 1479 2893 nostrique
1510 2839 1710 2888 obtentu,
1753 2849 1834 2890 per
1865 2837 2013 2877 vestra

340 3003 372 3039 a)
391 3003 562 3039 procellas
581 3005 620 3031 B.
656 3004 690 3038 b)
711 3004 882 3040 quippiam
901 3006 939 3033 Β.

326 3064 368 3113 ⁴¹)
397 3063 472 3111 Vyl.
487 3063 559 3114 fiir
582 3063 646 3099 das
675 3064 808 3100 Datum
831 3065 887 3100 die
903 3065 1076 3112 folqende
1102 3064 1168 3099 Nr.
1195 3063 1252 3103 30,
