2216 3432
420 169 462 211 B.
500 170 653 221 Gregors
670 168 754 213 XII.
774 168 936 223 Stellung
959 189 1036 213 zum
1053 178 1181 215 Konzil
1205 180 1259 216 bis
1283 193 1344 217 zur
1360 182 1561 231 Erfiffnung.
1601 187 1659 223 Nr.
1686 189 1740 224 73.
1882 174 1958 223 301

13 340 22 345 „
209 280 391 326 modum
430 281 579 338 ipsum
619 295 767 337 regem
807 284 1033 328 adhesisse
1073 287 1373 347 Baldassariss)
1410 293 1510 334 novi
1551 296 1593 335 01
1638 295 1820 339 inauditi
1860 300 1964 341 scis·
2002 327 2004 330 v

0 352 19 418 ς’
180 355 342 397 “1113113
374 353 598 397 inventori
637 367 738 396 cum
774 354 1101 400 inveteracione
1139 359 1353 413 antiquati
1391 364 1522 417 atque
1555 366 1732 417 fautori,
1771 382 1857 411 non
1889 385 1964 412 au-

1 423 5 426 ’
209 425 313 468 ditis
356 426 460 468 ante
503 424 667 468 nostris
704 424 835 468 iustis
868 428 911 468 et
951 429 1291 473 racionabilibus
1330 433 1676 487 defensionibus,
1718 451 1801 491 que
1841 442 1964 483 nobis

208 497 522 552 competebant
553 498 598 539 et
619 499 880 550 competunt
912 499 1122 542 adversus
1152 501 1282 543 falsas
1305 505 1653 548 machinaciones
1687 510 1729 548 et
1750 509 1965 562 figmenta,

166 569 294 622 5que
326 568 467 611 moliti
501 570 606 610 sunt
638 571 790 611 contra
825 571 1019 612 nostram
1052 571 1354 615 innocenciam
1394 577 1436 616 et
1467 577 1681 618 iusticiam
1716 580 1964 631 adversarii,

207 642 341 694 atque
372 653 465 682 non
497 640 649 682 audita
680 654 787 684 vera
827 643 870 683 et
902 642 1018 683 iusta
1055 644 1359 686 confutacione
1401 647 1445 687 et
1476 648 1770 705 cassacione¹')
1808 651 1966 694 iniuste

207 710 450 766 iniqueque
498 711 736 763 sentencie,
775 726 909 766 quam
961 714 1003 755 in
1053 727 1132 756 nos
1181 714 1388 757 vicarium
1431 717 1566 759 Jhesu
1609 719 1770 761 Christi
1819 724 1967 764 contra

206 783 321 837 phas
361 784 406 825 et
444 795 593 826 sacras
630 784 808 838 patrum
835 784 1106 833 ,sancciones
1148 788 1190 827 et
1231 800 1404 828 omnem
1445 791 1805 832 consuetudinem
1848 793 1966 834 Pisa-

207 867 314 898 num
345 855 689 909 prophanavit0)
722 856 1077 898 conciliabulum.

139 927 193 969 10
326 925 389 982 [3]
452 927 626 981 Nempe
673 926 720 968 in
766 927 920 969 intimo
968 928 1112 970 cordis
1145 929 1302 971 affectu
1350 929 1539 983 dole1·e‘¹)
1588 932 1797 984 coghnur,
1838 935 1967 986 quod,

208 1010 310 1039 cum
359 998 537 1040 concilii
586 1012 764 1052 semper
812 999 940 1041 nobis
987 999 1059 1040 via
1105 1000 1329 1053 placuerit,
1377 1014 1465 1043 non
1503 1003 1676 1043 exclusa
1721 1005 1864 1045 tamen
1903 1005 1970 1046 via

205 1069 562 1112 renunciacionis
606 1071 651 1112 et
694 1070 775 1112 viis
818 1069 915 1112 aliis
954 1070 1105 1123 iustis,
1146 1072 1489 1113 racionabilibus
1522 1075 1563 1114 et
1602 1074 1745 1126 equis,
1785 1089 1968 1128 cumque

207 1141 353 1183 stante
387 1141 449 1183 sic
480 1142 679 1196 procella
712 1142 913 1184 navicule
946 1142 1064 1184 beati
1099 1143 1217 1184 Petri
1251 1143 1406 1184 modos
1422 1143 1451 1196 1)
1492 1145 1731 1186 secundum
1765 1147 1968 1199 temporis

206 1211 480 1266 exigenciam
529 1212 866 1267 cogitaverimus
914 1214 956 1254 et
1003 1214 1388 1267 proposuerimus,
1436 1228 1546 1267 quos
1595 1216 1726 1268 magis
1774 1217 1969 1258 novimus

138 1284 191 1326 15
205 1285 466 1338 oportunos,
508 1298 645 1339 super
678 1285 842 1338 quibus
876 1285 970 1326 sine
1012 1284 1160 1326 divina
1192 1284 1360 1326 offensa
1399 1286 1615 1341 poterae)
1654 1286 1894 1339 dispensari
1929 1290 1968 1328 et

205 1368 286 1409 per
318 1369 429 1410 quos
463 1370 564 1399 cum
597 1358 783 1399 caritate
817 1357 1051 1398 ethonore
1083 1357 1220 1398 eciam
1245 1356 1573 1398 adversancium
1608 1359 1755 1399 sancte
1788 1359 1969 1400 ecclesie

205 1430 250 1470 et
290 1427 422 1470 nobis
460 1429 638 1482 poterat
680 1430 802 1471 certa
841 1429 884 1470 et
925 1427 1108 1482 pacifica
1150 1428 1253 1469 unio
1303 1427 1397 1469 fieri
1436 1429 1478 1469 et
1511 1429 1795 1481 reintegracio
1836 1443 1968 1470 1110111-

205 1499 390 1541 brorum
423 1500 506 1542 sub
539 1499 684 1554 capite
719 1501 773 1541 ab
807 1499 1012 1542 omnibus
1038 1498 1287 1553 recipiendo
1319 1499 1363 1540 in
1396 1498 1563 1539 unitate
1596 1501 1743 1541 sancte
1775 1500 1967 1550 ecclesie,

206 1569 270 1612 illi
301 1571 423 1612 modi
457 1585 544 1613 non
567 1571 762 1613 fuerunt·
783 1571 999 1625 acceptati
1034 1584 1112 1612 nec
1135 1570 1336 1612 meliores
1369 1570 1436 1611 vel
1469 1583 1580 1622 eque
1613 1570 1714 1610 110111
1743 1570 1966 1622 propositi,

135 1643 192 1684 ΞΟ
206 1642 285 1684 sed
307 1641 546 1696 instigante
579 1642 763 1684 humani
796 1642 969 1696 generis
1003 1643 1127 1683 hoste
1160 1654 1427 1693 suorumque
1460 1641 1696 1681 satellitum
1719 1641 1967 1681 seductione

205 1713 460 1767 concilium,
503 1715 622 1768 quod
660 1714 756 1756 fieri
796 1711 978 1768 voluitf)
1021 1714 1240 1763 sanctum,
1285 1725 1447 1765 equum
1485 1714 1526 1752 et
1558 1711 1823 1764 acceptabile
1856 1711 1966 1752 iusto

206 1786 261 1827 ab
302 1786 530 1839 omnibus,
581 1787 822 1827 conflatum
871 1785 924 1827 sit
973 1785 1018 1826 111
1059 1784 1295 1837 parcialem
1343 1782 1724 1835 congregacionem
1772 1785 1965 1823 vocatam

204 1858 381 1899 tantum
412 1858 467 1899 ab
500 1857 673 1899 intruso
691 1857 955 1899 Baldassare
968 1858 1003 1912 g)
1035 1856 1080 1897 in
1103 1856 1399 1907 acerbumque
1422 1855 1571 1894 sancte
1604 1852 1752 1894 matris
1786 1852 1966 1893 ecclesie

206 1928 522 1971 detrimentum
564 1931 608 1971 et
640 1929 837 1971 fidelium
878 1929 1089 1970 iacturam
1131 1926 1383 1980 pariterque
1423 1924 1465 1965 in
1509 1923 1759 1976 violenciam
1799 1922 1965 1963 iusticie

134 1999 189 2041 25
206 2001 251 2042 et
279 2000 502 2054 equitatis,
537 2002 670 2054 atque
704 2000 787 2042 nisi
820 2000 947 2042 aliter
982 1998 1158 2041 domino
1192 1996 1426 2038 auxiliante
1461 1992 1780 2045 1·etormatur¹'),
1814 1993 1856 2032 in
1889 2006 1965 2046 op-

205 2070 472 2126 probs-imni)
506 2072 747 2127 apostolice
781 2071 898 2113 sedis
932 2072 975 2111 et
998 2070 1187 2111 radicem
1210 2064 1536 2120 fructumquek)
1569 2078 1679 2106 nove
1713 2066 1754 2104 et
1779 2063 1964 2116 pessime

206 2143 374 2184 heresis
407 2143 620 2186 adversus
645 2157 793 2196 unam,
827 2143 1038 2193 sanctam,
1072 2139 1329 2182 catholicam
1362 2139 1404 2179 01
1427 2135 1706 2189 apostolicam
1729 2133 1963 2175 ecclesiznn.

325 2227 386 2282 [4]
452 2227 663 2269 Preterea
702 2227 986 2271 admiramur,
1035 2223 1151 2277 quod
1190 2222 1348 2276 prefati
1387 2217 1575 2273 litter-21¹)
1619 2217 1728 2270 regis
1772 2218 1964 2258 confecta

206 2297 262 2339 sit
305 2298 374 2339 die
413 2297 719 2351 duodecima‘2)
758 2296 1010 2340 Decembris
1054 2295 1099 2335 111
1144 2293 1317 2335 civitate
1360 2291 1528 2341 Laude,
1579 2303 1662 2342 que
1705 2301 1789 2329 non
1837 2286 1966 2326 distat

136 2368 287 2422 30per
324 2369 381 2410 XI
425 2369 566 2412 dietas
613 2383 772 2424 parvas
819 2383 844 2410 a
888 2367 1062 2409 civitate
1107 2367 1188 2407 hac
1245 2365 1394 2405 nostra
1439 2363 1481 2402 et
1528 2359 1729 2409 ecclesia,
1792 2358 1833 2397 in
1881 2370 1967 2409 qua

206 2440 325 2482 ultra
367 2441 593 2496 annumm)
637 2440 895 2482 continuam
938 2438 1120 2480 fecimus
1165 2434 1470 2483 residenciam,
1519 2432 1649 2484 prout
1695 2427 1885 2470 constitit
1924 2427 1966 2466 et

207 2512 401 2564 constat,
454 2525 536 2554 nec
590 2512 647 2554 ad
702 2525 784 2553 nos
839 2511 1029 2552 deducta
1077 2508 1177 2562 situ)
1225 2506 1307 2547 nisi
1350 2505 1409 2546 III
1463 2502 1672 2544 kalendas
1718 2497 1965 2550 Augusti-ik

325 2687 356 2722 a)
377 2686 562 2714 Baltasarri
583 2687 620 2713 B.
663 2686 697 2720 b)
725 2687 758 2713 et
778 2685 967 2720 cassfehlt
995 2686 1024 2712 0.
1068 2684 1097 2718 c)
1125 2680 1381 2718 prophanzwerit
1409 2680 1442 2706 Β.
1485 2678 1517 2711 d)
1539 2676 1651 2703 dolore
1672 2677 1701 2702 (J.
1743 2674 1771 2707 e)
1794 2671 1911 2707 poterit
1935 2672 1966 2697 B.

206 2736 232 2770 f)
254 2735 360 2763 valuit
381 2736 410 2762 0.
447 2735 480 2768 g)
501 2733 693 2761 Baltasarre
714 2735 751 2761 B.
782 2734 815 2768 11)
837 2733 1041 2760 deformetur
1062 2733 1097 2758 B.
1127 2731 1148 2765 i)
1171 2728 1363 2756 obrobrinm
1385 2728 1418 2753 B.
1449 2726 1481 2759 k)
1503 2725 1732 2755 fructuumque
1754 2723 1782 2747 Ο.
1814 2719 1836 2753 l)
1859 2719 1965 2746 littere

137 2783 192 2825 35
207 2791 284 2811 usw.
304 2785 341 2810 B.
377 2783 421 2817 m)
443 2781 587 2809 animum
607 2782 644 2808 B.
681 2781 715 2815 n)
736 2782 788 2808 est:
809 2782 838 2809 Ο.

328 2845 355 2888 ¹)
381 2842 538 2876 Hinweis
564 2841 631 2886 auf
651 2841 745 2874 aeine
773 2841 879 2882 modi,
904 2840 992 2874 oben
1018 2839 1084 2872 Nr.
1111 2838 1143 2872 9.
1661 2862 1665 2870 ,.

213 2944 216 2947 ⁶
329 2904 356 2947 ²)
386 2901 415 2937 Ο
437 2902 499 2936 hat
522 2900 599 2934 XX.
644 2899 724 2934 Das
741 2897 1153 2945 Einladunyssclzreiben
1172 2893 1389 2941 Siqismmzsls
1406 2892 1474 2937 fiir
1498 2890 1636 2934 (ἕτερον
1663 2887 1718 2920 bei
1740 2898 1771 2919 υ.
1789 2885 1821 2918 d.
1841 2882 1964 2922 Hardt,

211 2962 404 2998 Concilium
432 2960 699 2996 Constantiense
733 2959 769 3002 V,
795 2959 819 2992 6
832 2970 858 2993 8.
885 2958 949 2992 kat
972 2958 1092 2992 datum
1119 2960 1183 2992 etc.
1209 2958 1249 2988 ut
1272 2963 1389 2997 supra.

329 3023 358 3066 3)
384 3023 453 3056 nisi
485 3022 522 3055 in
554 3019 714 3054 kalendis
749 3018 812 3051 hat
843 3016 883 3051 B.
946 3015 1061 3051 Ueber
1098 3015 1152 3049 die
1186 3010 1475 3048 walarseheinliele
1510 3007 1658 3052 richtiye
1692 3003 1867 3047 Datiruny
1899 3000 1963 3046 vyl.

0 3060 38 3133 ’ὅ
135 3086 195 3130 40
208 3082 297 3119 oben
323 3081 363 3117 s,
387 3080 469 3116 200.
