2216 3432
424 175 467 214 B.
508 175 662 223 Gregors
678 176 762 214 XII.
780 175 944 223 Stellung
960 189 1037 213 zum
1056 177 1185 214 Konzil
1209 180 1263 215 bis
1282 193 1343 216 zur
1360 181 1560 230 Erssffnung.
1598 184 1656 222 Nr.
1683 187 1737 222 73.
1878 177 1961 220 299

205 287 469 341 contentari,
519 284 556 328 si
598 284 778 328 domino
819 286 967 328 vestro
1007 288 1051 329 et
1091 289 1217 330 vobis
1257 303 1344 331 non
1386 290 1623 345 videbitur,
1663 294 1782 347 quod
1818 295 1961 336 salvus
1995 317 1997 319 ·

206 360 453 404 conductus
486 356 654 400 domini
686 356 774 399 mei
805 358 919 412 regis
952 358 1009 401 sit
1041 360 1274 402 sufficiens.

323 431 396 474 Ad
427 429 674 472 secundum
706 430 750 471 et
781 429 966 471 tercium
999 432 1120 484 patet
1152 433 1380 486 responsio
1412 446 1490 487 per
1520 433 1720 487 primum.

323 502 396 545 Ad
427 501 637 556 quartum
669 500 978 555 respondetur,
1011 501 1236 544 dominum
1266 505 1461 545 vestrum
1494 518 1589 546 esse
1621 518 1701 558 per
1731 519 1799 547 me
1823 507 1966 559 requi-

164 574 344 619 5situm
374 574 440 616 ire
451 573 489 628 ¹²)
522 571 837 614 Constanciam
865 572 920 613 ad
950 572 1182 615 concilium
1214 576 1281 615 etc
1306 572 1343 629 b)
1395 575 1600 627 Tamenc)
1625 576 1659 616 si
1682 577 1812 617 vellet
1835 577 1967 618 decli-

206 660 312 690 nare
350 646 407 688 ad
438 647 579 688 terras
613 657 692 686 sue
726 643 987 686 obediencie
1020 645 1063 686 in
1097 644 1386 700 Alamania,‘¹)
1420 646 1622 687 dominus
1655 661 1778 688 meus
1811 648 1967 701 poterit

206 730 461 761 assecurare
493 729 574 771 per
596 715 706 767 loca,
744 716 793 757 ut
826 715 987 757 dicitur
1018 715 1062 757 in
1095 717 1236 771 primo
1269 717 1459 770 capitulo
1488 718 1667 759 secundi
1692 718 1892 771 capituli:
1927 721 1967 760 et

206 790 244 833 si
276 789 385 832 alias
418 788 678 831 securitates
711 787 914 839 voluerit,
948 789 1183 841 postquam
1216 788 1530 843 responderit0)
1563 789 1675 829 clare
1709 791 1751 829 et
1782 789 1969 830 affirma-

205 861 296 904 tive
336 862 380 904 et
413 873 493 915 per
524 857 655 915 ques)
696 860 792 901 loca
825 858 1154 914 specificaverit,
1194 859 1514 912 procurabitur,
1548 861 1634 911 utfl)
1668 859 1711 900 in
1744 861 1884 914 primo
1916 861 1968 901 ad

138 935 194 977 10
208 933 468 976 secundum.

326 1004 399 1046 Ad
430 1003 638 1046 ultimum
671 1003 854 1045 secundi
888 1002 1083 1056 capituli,
1117 1002 1248 1055 quod,
1282 1002 1494 1055 quidquid
1527 1001 1657 1043 fuerit
1689 1002 1767 1043 sibi
1792 1002 1972 1055 promis-

208 1090 309 1120 sum
350 1079 396 1119 et
431 1075 736 1131 promittetur,
776 1076 920 1117 totum
960 1075 1015 1116 ad
1058 1075 1237 1128 plenum
1280 1076 1321 1115 et
1362 1074 1668 1115 inconcussum
1712 1074 1972 1122 servabitur,

208 1162 299 1191 non
346 1148 552 1190 obstante
599 1146 903 1199 cuiuscunque
952 1146 1180 1197 mandate,
1225 1146 1343 1199 quod
1384 1146 1427 1187 in
1472 1146 1723 1200 oppositum
1765 1144 1886 1185 fieret
1932 1146 1973 1184 ‹·t

209 1219 540 1272 nichilominus,
587 1218 623 1259 si
664 1217 870 1260 dominus
914 1218 1060 1259 vester
1105 1218 1202 1259 vult
1242 1217 1404 1258 habere
1442 1217 1609 1258 salvum
1651 1216 1911 1257 conductum
1951 1229 1974 1255 a

142 1291 390 1335 15domin0
422 1304 541 1345 papa
573 1290 786 1341 Johanne,
819 1289 937 1331 idem
969 1290 1115 1330 orator
1147 1289 1280 1330 habet
1312 1287 1357 1329 in
1391 1287 1605 1329 mandatis
1639 1301 1662 1328 a
1686 1287 1860 1327 domino
1882 1299 1974 1336 suo,

210 1364 330 1418 quod
360 1363 570 1418 procuret
602 1362 656 1403 ab
689 1359 836 1416 ipso¹¹)
870 1362 914 1402 et
944 1360 1005 1402 ita
1027 1360 1156 1402 offert
1178 1373 1224 1401 se
1257 1361 1590 1413 procuraturum
1621 1361 1662 1400 et
1685 1359 1975 1405 obtenturum,

211 1434 454 1477 dummodo
499 1434 670 1475 dicatur
719 1432 837 1474 dicto
886 1431 1049 1474 oratori
1099 1428 1341 1486 temporei)
1381 1429 1647 1483 congruenti,
1689 1432 1737 1470 ut
1778 1429 1976 1469 dominus

211 1507 437 1549 Johannes
471 1503 639 1561 papak)
670 1504 813 1559 possit
843 1503 890 1545 in
922 1503 1049 1545 Italia
1081 1502 1275 1557 reperiri,
1309 1503 1350 1544 et
1371 1499 1491 1556 fiet¹)
1514 1500 1558 1542 in
1580 1501 1653 1541 tali
1678 1500 1828 1551 forma,
1860 1498 1977 1551 quod

211 1577 378 1620 valebit
414 1590 496 1632 pro
534 1577 628 1620 tota
668 1574 795 1631 suak)
834 1574 1190 1629 congregatione,
1232 1588 1284 1615 ex
1323 1587 1408 1627 quo
1449 1574 1515 1614 est
1554 1572 1706 1624 capud.
1770 1571 1823 1611 Et
1860 1569 1976 1622 quod

141 1651 199 1694 ΞΟ
213 1650 373 1693 dicitur
419 1651 464 1692 et
507 1648 780 1704 promittitur
823 1648 1002 1689 domino
1034 1647 1194 1697 vestrO,
1235 1645 1296 1686 sic
1337 1643 1492 1685 dicitur
1529 1645 1571 1684 et
1609 1641 1862 1694 intelligitur
1898 1652 1975 1693 pro

212 1721 420 1764 omnibus
453 1720 559 1762 suis.

332 1789 426 1835 Ad„
452 1791 628 1846 quesita
672 1804 807 1846 super
857 1790 995 1832 tercio
1051 1788 1243 1843 capitulo
1286 1786 1423 1840 primo
1473 1783 1818 1838 respondetur¹¹¹)
1859 1780 1976 1833 quod

213 1863 498 1919 recipieturn)
532 1862 852 1905 honorabiliter
883 1863 927 1903 et
959 1861 1143 1903 honeste
1183 1872 1232 1900 ac
1262 1860 1355 1900 tute
1388 1859 1430 1899 et
1462 1856 1708 1896 reverenter
1739 1851 1977 1893 secundum

213 1936 399 1979 formam
431 1936 653 1978 salvorum
688 1935 987 1976 conductuum
1019 1933 1063 1974 et
1093 1931 1153 1972 ibi
1186 1928 1446 1972 Constancie
1479 1925 1755 1979 recipietur0)
1791 1923 1834 1964 in
1857 1922 1978 1975 parte

143 2007 200 2051 25
216 2007 421 2061 civitatis,
461 2020 548 2061 que
597 2006 683 2048 sibi
731 2004 1029 2060 assignabitur
1076 2016 1174 2044 cum
1216 1999 1333 2042 omni
1374 1996 1633 2047 reverencia,
1674 2007 1759 2048 qua
1795 1991 1979 2034 voluerit

214 2079 353 2135 recipi
392 2093 418 2121 a
455 2092 537 2121 sua
574 2077 848 2121 obediencia.
923 2077 973 2118 In
1014 2074 1140 2116 terris
1182 2086 1304 2122 vero,
1349 2083 1433 2123 que
1473 2082 1561 2109 non
1598 2067 1725 2108 erunt
1765 2077 1841 2105 sue
1878 2063 1979 2103 obe-

216 2150 407 2204 diencie,
460 2149 702 2204 recipietur
746 2148 990 2190 secundum
1039 2147 1221 2188 formam
1261 2141 1367 2183 salvi
1409 2139 1647 2181 conductus
1689 2134 1853 2176 domini
1895 2132 1978 2174 mei

215 2221 330 2277 regis
363 2222 407 2264 et
439 2221 626 2263 aliarum
665 2223 896 2271 terrarum,
946 2217 1184 2260 secundum
1235 2213 1351 2268 quod
1399 2212 1453 2253 ab
1495 2210 1557 2251 eis
1599 2205 1777 2249 habebit
1815 2204 1980 2246 salvum

217 2294 487 2336 conductum
519 2292 771 2347 specialem,
806 2291 843 2332 si
876 2288 1130 2343 expedierit.

146 2367 204 2410 30
335 2364 409 2407 Ad
448 2364 655 2406 ultimum
699 2362 943 2417 quesitum:
986 2358 1042 2400 Ec
1079 2360 1177 2413 quia
1214 2358 1258 2397 in
1278 2354 1364 2408 sine
1405 2355 1499 2403 etc.,
1532 2348 1833 2404 respondetur,
1866 2344 1982 2397 quod

219 2437 394 2479 debetis
436 2436 601 2478 habere
642 2449 724 2489 pro
758 2434 940 2488 certop),
974 2432 1195 2486 prefatum
1237 2424 1509 2479 dominumq)
1540 2433 1685 2463 meum
1718 2430 1859 2470 regem
1883 2427 1983 2468 pru-

219 2509 377 2550 denter
423 2508 468 2549 et
511 2520 610 2548 cum
652 2501 772 2548 bona
815 2504 904 2546 fide
953 2503 1088 2544 offere
1131 2498 1290 2547 omnia,
1341 2509 1426 2550 que
1471 2491 1746 2535 continentur
1787 2489 1831 2528 in
1871 2485 1983 2526 dicto

218 2578 356 2621 tercio
395 2578 593 2631 capitulo
636 2578 682 2618 et
720 2589 853 2630 posse
892 2577 1118 2627 tamquam
1162 2570 1365 2613 dominus
1405 2566 1518 2607 dicte
1556 2567 1668 2604 terre
1711 2562 1750 2601 et
1786 2557 1985 2599 defensor

220 2649 362 2693 tocius
396 2647 570 2691 concilii
602 2649 646 2689 et
684 2661 762 2689 sue
794 2644 1100 2703 promissionis
1134 2656 1185 2684 ea
1216 2643 1358 2684 facere
1391 2633 1640 2688 adimpleri3
1674 2633 1714 2672 et
1745 2626 1929 2670 teneatis
1962 2639 1985 2665 a

149 2723 203 2766 35
221 2722 358 2770 certo,
398 2719 519 2774 quod
558 2718 707 2760 omnia
744 2718 964 2771 promissa
1006 2729 1086 2757 sua
1122 2712 1311 2755 fideliter
1350 2705 1647 2760 adimplebitr)
1679 2704 1720 2743 et
1752 2700 1886 2742 offero
1918 2710 1985 2737 me

219 2793 440 2836 facturum
500 2789 645 2831 salvos
694 2789 940 2830 conductus
987 2786 1034 2828 in
1091 2783 1211 2827 omni
1259 2783 1375 2824 bona
1429 2780 1586 2828 forma,
1638 2767 1890 2814 racionabili
1943 2768 1986 2806 et

342 2957 373 2992 a)
394 2955 485 2990 FOlyt
509 2953 702 2988 ἅῦθνΐῑῦθδίς]
730 2953 771 2980 ad
799 2953 830 2980 O.
871 2952 906 2986 b)
928 2951 1045 2979 contra
1065 2951 1101 2977 B.
1140 2949 1169 2983 c)
1191 2949 1357 2980 tamquam
1378 2945 1413 2970 B.
1451 2942 1483 2975 d)
1504 2938 1651 2967 Almania
1672 2938 1702 2969 (J,
1733 2930 1931 2984 Alammania
1953 2929 1986 2954 B.

222 3006 253 3041 θ)
273 3002 522 3041 I'OSPOUdiderit
542 3004 578 3030 B·
610 3002 636 3036 f)
657 3001 733 3029 loca
751 3007 811 3035 per
830 3006 893 3034 que
915 3000 945 3027 Ο.
975 2998 1008 3033 g)
1030 2999 1063 3025 et
1084 2998 1113 3025 0.
1143 2996 1176 3030 h)
1197 2995 1299 3022 alium
1320 2994 1349 3020 Ο.
1380 2991 1402 3025 i)
1425 2990 1519 3017 Chat
1539 2995 1574 3014 se
1593 2985 1696 3016 offert,
1711 2982 1837 3036 'oratori
1858 2977 1986 3028 dicatur

222 3055 292 3082 und
318 3051 514 3088 congruenti
532 3051 692 3084 tempore.
729 3048 764 3082 k)
786 3046 874 3074 Fehlt
893 3047 931 3074 Β.
968 3045 992 3080 l)
1012 3045 1072 3072 fiat
1091 3045 1127 3072 B.
1165 3042 1208 3076 m)
1230 3039 1412 3075 respondeo
1433 3038 1471 3070 B,
1500 3043 1535 3063 εο
1556 3032 1638 3085 auch
1658 3031 1775 3064 spater-
1813 3026 1844 3059 1¹)
1864 3030 1984 3057 welve-

150 3102 319 3149 40retur
338 3102 376 3129 B.
414 3100 445 3139 ο)
466 3098 632 3136 reciperet
651 3097 688 3125 B.
725 3095 759 3134 p)
780 3101 840 3130 pro
862 3093 953 3124 certo
973 3091 1055 3130 fehlt
1074 3093 1112 3119 Β.
1149 3091 1182 3128 q)
1203 3095 1310 3117 meum
1330 3087 1413 3114 dom.
1434 3085 1463 3113 0.
1499 3082 1527 3119 r)
1547 3077 1726 3114 adimpleat
1746 3076 1775 3103 0.
