2216 3432
223 159 309 201 360
545 169 606 204 ΙΙΙ.
633 168 833 204 Abschnitt.
882 167 1155 213 Vei-geschichte
1182 166 1243 201 des
1267 167 1492 202 Konstanzcr
1514 167 1672 203 Konzils.

223 290 425 345 repetere
457 285 501 327 et
532 278 587 324 ad
619 277 771 332 gentes
803 275 999 325 nostras,
1039 286 1212 315 summa
1244 274 1377 315 etiam
1416 274 1479 316 rei
1512 274 1810 317 ecclesiastice
1846 287 1898 317 ac
1928 274 1991 318 rei

222 359 400 415 publice
433 350 694 397 necessitate
728 347 1037 400 cogente,que
1070 344 1164 385 sine
1197 344 1434 386 universali
1474 345 1674 399 periculo
1713 344 1870 400 negligi
1901 358 1992 388 non

223 430 370 485 potest
418 438 497 468 nec
541 418 771 476 postponi,
820 417 863 457 in
904 415 1075 457 Italiam
1121 414 1391 470 extemplo⁸)
1429 414 1575 457 redire
1613 413 1740 471 nosb)
1781 417 1825 458 et
1861 428 1993 470 posse

223 500 470 544 videbatur.
533 494 588 534 Et
622 491 727 532 dum
762 500 960 530 essemus
993 485 1119 539 quasi
1151 484 1196 526 in
1229 485 1461 539 procinctu
1494 485 1666 527 itineris
1698 487 1860 540 parati,
1892 499 1993 530 ecce

225 583 373 613 rumor
406 566 626 608 infaustus
660 559 828 602 auditui
862 558 1012 599 nostro
1045 555 1253 607 occurrit,
1293 556 1411 609 quod
1453 555 1697 599 suscitante
1729 557 2035 601 zizaniarum5

225 643 370 683 satore
422 638 508 679 dux
546 629 803 684 Burgundie
858 628 1009 669 contra
1045 628 1215 668 vestros
1256 626 1424 679 regales
1463 627 1688 681 principes
1734 627 1778 670 in
1817 627 1994 682 copiosa

232 712 499 755 armatorum
532 700 812 746 multitudine
852 711 1001 752 prope·
1026 699 1140 739 fores
1170 696 1364 738 Parisius
1397 699 1734 740 castrametatus
1779 698 1996 741 hostiliter

227 780 473 823 insultaret.
537 776 592 816 Et
625 774 678 814 ab
712 772 793 812 hoc
826 770 994 822 digesto
1027 767 1211 808 concilio
1251 768 1514 810 retraximus
1553 782 1634 810 nos
1673 770 1716 811 et
1754 770 1996 812 ambassia-

226 856 346 894 tores
380 850 553 891 nostros
587 844 767 898 propter
799 840 1128 881 insecuritatem
1162 852 1187 880 a
1218 839 1368 880 labore
1400 838 1572 881 itineris
1605 840 1864 894 peragendi,
1894 853 1996 895 per-

227 935 376 964 sonam
413 920 609 960 nostram
644 910 887 955 discrimini
920 909 1125 962 cuiquam
1158 910 1203 949 et
1235 909 1411 951 fortune
1444 923 1661 964 exponere
1694 923 1793 953 cum
1823 911 1997 955 modica
2015 912 2068 953 10

226 991 432 1036 comitiva
464 987 735 1035 dubitantes,
780 996 893 1031 curn,
928 981 1003 1022 ubi
1046 980 1278 1033 dispendia
1317 980 1545 1031 timentur,
1589 981 1833 1035 promptior
1865 982 1998 1024 debet

226 1078 322 1106 esse
355 1060 538 1103 cautela.
603 1056 721 1097 Licet
758 1054 910 1107 postea
944 1064 1043 1093 cum
1076 1051 1350 1094 iocunditate
1390 1065 1547 1106 magna
1586 1052 1836 1095 audivimus
1874 1055 1996 1095 ante-

228 1136 392 1177 dictum
436 1132 589 1171 ducem
622 1128 665 1168 in
700 1124 951 1167 Flandriam
986 1135 1204 1164 remeasse
1246 1124 1311 1163 set
1343 1125 1497 1176 gentes
1529 1136 1632 1165 suas
1663 1123 1827 1166 ibidem
1859 1136 1998 1178 prope

228 1203 474 1257 reliquis-sm
517 1196 791 1241 decrevimus
829 1194 978 1247 itaque
1018 1206 1097 1246 per
1137 1192 1304 1245 scripta
1345 1195 1493 1235 nostra
1540 1194 1799 1237 intentionis
1847 1195 1998 1236 nostre

227 1277 326 1317 vota
360 1287 412 1315 ex
444 1268 720 1325 plenitudine
759 1263 1009 1306 fraternalis
1043 1263 1220 1311 fiducie,
1263 1276 1395 1317 quam
1437 1263 1482 1305 in
1515 1264 1639 1306 vobis
1672 1263 1854 1306 indubie
1886 1264 1999 1319 geri·
2018 1266 2068 1308 15

228 1358 339 1393 muS,
372 1345 512 1385 vestre
547 1340 662 1393 regie
703 1335 964 1379 fraternitati
1003 1334 1226 1377 succincte
1264 1334 1503 1377 insinuare.
1558 1335 1685 1377 Circa
1727 1335 2000 1390 negotiorum

232 1413 481 1458 huiusmodi
518 1424 667 1452 revera
700 1409 873 1450 utilium
907 1405 1102 1459 profecto
1142 1405 1479 1447 saluberrimam
1518 1406 1822 1458 directionem,
1860 1406 2000 1449 eciam

232 1486 511 1527 sacrosancte
544 1481 669 1523 matri
704 1478 885 1521 ecclesie
926 1479 967 1519 et
1003 1478 1210 1519 universo
1250 1477 1413 1531 populo
1454 1477 1697 1519 christiano
1735 1476 1999 1530 necessaria,

230 1559 330 1599 vota
364 1556 507 1597 vestra
540 1552 704 1594 nostris
738 1549 968 1591 desideriis
1002 1561 1264 1590 concurrere
1298 1549 1432 1602 nonc)
1465 1548 1738 1602 ambigimus.
1788 1548 2000 1591 Sollicitis

234 1626 410 1669 excitati
449 1623 601 1678 vigiliis
634 1624 678 1663 et
711 1620 974 1675 promotioni
1017 1619 1259 1661 eorundem
1293 1618 1405 1673 iugis
1438 1620 1682 1661 attentione
1723 1617 2001 1674 cogitationis
2015 1618 2072 1661 20

230 1698 514 1739 intendentes
547 1696 589 1735 et
621 1706 804 1735 excusso
837 1705 861 1732 a
894 1690 1022 1733 nobis
1063 1690 1326 1743 negligentie
1358 1690 1552 1743 dampno
1591 1690 1819 1744 nostrique
1856 1689 2001 1732 cordis

233 1769 368 1811 oculis
421 1765 646 1819 diligentia
694 1763 846 1805 sedula
897 1762 1182 1815 vigilantibus
1226 1762 1403 1815 negotia
1444 1762 1555 1815 ipsa,
1603 1760 1805 1803 altissimi
1843 1773 2001 1815 coope-

232 1841 358 1881 rant<¹
392 1837 546 1891 gratia,
580 1835 881 1877 submovendo
915 1834 1045 1875 noxia
1077 1835 1120 1874 et
1153 1833 1352 1885 augendo
1385 1832 1618 1886 profutura
1640 1845 1817 1886 queque
1848 1831 2001 1874 intime

234 1909 553 1958 desiderantes,
589 1906 846 1948 affectamus
886 1905 1123 1946 admodum
1162 1903 1389 1950 obnixius,
1427 1904 1476 1944 ut
1508 1904 1655 1945 vestra
1694 1903 1813 1956 regia
1844 1902 2001 1944 frater-

235 1980 350 2022 nitas
382 1978 635 2033 provideret
668 1979 712 2018 et
745 1976 1026 2029 disponeret,
1059 1975 1179 2029 quod
1217 1974 1500 2016 illustrissimi
1543 1974 1767 2028 principes
1807 1987 1882 2015 rex
1915 1973 2002 2015 Lu-
2016 1972 2072 2014 25

233 2051 424 2100 doricus,
459 2048 697 2101 ‹lalpliinus
726 2046 1057 2100 Aquitanonsis,
1095 2044 1388 2087 Bituricensis
1422 2046 1466 2086 et
1488 2044 1824 2087 Aurelianensis
1853 2044 2002 2097 duces,

232 2120 543 2172 consanguinei
579 2118 717 2160 nostri
751 2117 966 2158 carissimi
999 2119 1042 2158 et
1082 2117 1217 2158 ceteri
1263 2116 1357 2168 alii,
1402 2113 1564 2170 quosd)
1604 2116 1660 2157 ad
1693 2115 1774 2157 hec
1815 2115 2001 2168 deputa-

232 2191 350 2241 rotis,
384 2193 426 2231 et
459 2191 555 2243 ipso
589 2190 698 2230 duce
730 2188 1053 2230 Aurelianense
1091 2187 1208 2229 circa
1253 2187 1338 2228 alia
1377 2188 1551 2229 intento
1593 2184 1794 2228 fortassis
1827 2188 1871 2227 et
1901 2197 2003 2239 pre-

233 2262 394 2315 pedito,
444 2261 537 2301 eius
585 2260 719 2301 frater
765 2259 860 2302 loco
893 2260 975 2310 sui,
1024 2259 1079 2300 ad
1123 2259 1342 2312 premissa
1388 2256 1659 2300 sufficienter
1707 2255 1913 2298 instructi
1960 2257 2004 2297 et

233 2331 404 2373 fundati
427 2344 526 2372 cuin
550 2330 771 2372 nonnullis
799 2329 1017 2383 magistris
1041 2329 1259 2382 theologie
1292 2332 1335 2370 et
1357 2327 1614 2371 doctoribus
1637 2327 1691 2369 de
1713 2325 2004 2369 universitate
2019 2326 2077 2369 30

236 2402 498 2451 Parisiense,
531 2401 606 2454 qui
639 2402 771 2442 etiam
812 2402 867 2443 ad
900 2401 1132 2443 materiam
1172 2398 1495 2443 reformationis
1538 2399 1678 2440 status
1718 2395 2004 2439 ecclesiastici

234 2471 496 2514 universalis
534 2471 765 2513 consulere
802 2471 998 2523 valeant,
1046 2471 1259 2525 quicquid
1301 2470 1520 2524 agendum
1567 2468 1788 2523 expediat,
1832 2467 1888 2510 ad
1926 2465 2005 2510 ali-

236 2556 367 2597 quem
401 2542 543 2585 locum
577 2543 913 2584 accommodum
949 2542 993 2583 in
1031 2541 1260 2596 provincia
1300 2540 1536 2583 Prouincie
1574 2541 1653 2582 aut
1692 2539 1748 2581 ad
1779 2537 2006 2581 civitatem

235 2613 486 2664 Astenwm,
519 2614 638 2667 quod
670 2613 798 2655 nobis
829 2612 957 2654 valde
989 2613 1205 2667 placeret,
1244 2604 1313 2654 vel
1345 2611 1503 2654 saltem
1535 2611 1638 2664 duo,
1670 2609 1739 2652 vel
1771 2608 1828 2652 ad
1859 2607 2005 2651 minus

237 2696 352 2725 unus
401 2697 452 2725 ex
499 2683 819 2738 principibuse)
866 2683 1042 2726 nomine
1094 2682 1301 2738 superius
1348 2681 1605 2737 designatis,
1658 2681 1715 2724 ad
1758 2678 2006 2735 predictam
2020 2679 2076 2723 35

238 2753 457 2795 civitatem
476 2754 712 2796 Astensem
735 2754 864 2796 simul
887 2767 988 2796 cum
1020 2754 1234 2809 predictis
1265 2753 1490 2808 magistris
1522 2754 1566 2795 et
1587 2750 1844 2796 doctoribus
1865 2762 2007 2805 quan-

238 2823 374 2866 tocius
407 2825 619 2867 accedant
652 2826 696 2867 et
727 2824 980 2878 adveniant,
1018 2824 1094 2867 ubi
1125 2824 1273 2880 parati
1304 2836 1460 2866 sumus
1491 2836 1593 2866 cum
1628 2821 1739 2878 ipsis
1769 2834 1852 2864 nos
1882 2819 2007 2863 inve-

356 3010 385 3044 a)
405 3010 564 3045 extimplo
585 3012 622 3038 Β.
657 3011 690 3046 b)
712 3011 757 3040 Ob
776 3011 846 3039 hier
865 3011 988 3040 debere
1008 3012 1087 3040 oder
1105 3011 1269 3040 &nucha
1287 3011 1392 3047 fehlt?
1429 3011 1460 3051 c>
1478 3004 1564 3039 hanc
1583 3011 1621 3039 B.
1657 3008 1693 3045 d)
1711 3015 1777 3051 quo
1791 3008 1829 3036 Β.
1865 3006 1896 3049 ο)
1917 3005 2008 3050 tuly&

239 3056 427 3098 ilberflt'leeiq
445 3058 527 3086 noch
547 3058 666 3086 einmal
686 3065 727 3090 ex
746 3059 783 3090 B.
