2216 3432
1995 0 2216 131 Ἥ

238 300 387 344 'faveat
418 295 634 340 miseratio
667 293 776 347 regis
808 291 992 334 celestis.
1040 289 1278 330 Cesserunt
1310 285 1526 340 siquidem
1554 283 1681 327 nobis
1703 285 1746 326 et
1772 281 1919 361 gaudii
1942 283 1988 325 et

248 367 525 413 exultacionis
556 366 688 407 multe
722 362 942 405 materiam
974 374 1037 411 ea,
1076 372 1159 412 que
1191 357 1351 400 nobilis
1381 355 1653 411 Bertoldus1)
1684 355 1738 396 de
1770 354 1988 410 Urs1n1s·)

253 453 393 483 comes
416 439 572 488 Suane,
605 434 787 476 nuncius
818 429 1075 473 sanctissimi
1103 427 1266 470 domini
1290 426 1427 469 nostri
1450 426 1660 468 Johannis
1683 437 1797 480 pape
1819 423 1987 476 XXIII.‚

249 508 384 552 nostri
414 508 459 548 in
490 503 711 559 presencia
742 502 998 544 constitutus
1030 500 1085 541 ad
1116 500 1259 540 vestre
1292 497 1606 551 magnitudinis
1637 495 1816 550 gloriam
1851 496 1986 574 atque

244 580 413 623 laudem
435 574 643 630 exposuit.
676 572 842 615 Retulit
865 584 1033 625 nempe,
1057 569 1174 623 quod
1196 570 1342 610 vestra
1364 567 1577 609 celsitudo
1602 566 1718 619 regia
1736 579 1787 607 ex
1805 565 1987 607 sincerl-
2001 563 2027 604 5

246 649 343 692 tatis
375 647 543 696 affectu,
576 657 704 698 quem
736 643 790 684 ad
823 642 1141 684 sacrosanctam
1163 639 1406 681 Romanam
1436 637 1664 679 ecclesiam
1694 638 1737 678 et
1764 637 1986 690 prefatum

244 716 560 761 sanctissimum
577 713 795 755 dominum
813 713 1008 753 nostrum
1026 722 1185 764 papam
1202 708 1365 762 geritis,
1386 707 1582 749 inclitum
1597 707 1811 748 Thomam
1830 719 1986 749 secun-

248 787 493 842 dogenitum
526 786 717 826 vestrum
748 795 846 824 cum
878 780 1067 823 exercitu
1092 780 1135 821 in
1159 792 1413 820 succursum
1438 779 1634 819 eiusdem
1659 776 1817 819 summi
1839 777 1987 831 ponti-

247 858 336 899 ficis
377 854 698 909 disposuissetis
742 852 973 894 destinare.
1043 851 1134 892 Hec
1172 851 1237 890 est
1274 848 1471 902 profecto
1513 848 1584 902 pie
1623 848 1986 891 considerationis

246 929 454 970 immensa
484 924 652 966 bonitas
684 924 727 964 et
759 923 859 964 felix
890 921 1184 963 consideracio
1216 919 1403 974 pietatis,
1446 933 1497 960 ex
1531 932 1616 972 qua
1648 919 1873 961 verissime
1906 920 1983 963 Dei
2004 917 2056 958 10

246 996 468 1050 negocium
504 993 666 1047 geritur
707 995 751 1035 et
782 1005 910 1034 causa
948 991 1086 1045 ipsius
1127 990 1370 1045 specialiter
1400 990 1556 1042 agitur,
1589 1003 1687 1031 cum
1721 990 1815 1031 eius
1847 992 1985 1044 patri-

245 1067 434 1108 monium
465 1063 722 1111 defenditur‚
765 1063 880 1115 quod
921 1062 1208 1115 quorumdam
1249 1073 1557 1115 perversorum
1600 1060 1852 1102 immanitas
1885 1074 1985 1103 suc-

243 1135 416 1178 cessivis
458 1133 643 1175 dissidiis
683 1132 919 1174 dilacerare
959 1135 1003 1174 et
1043 1145 1248 1173 enervare
1290 1131 1485 1173 molitur:
1533 1130 1731 1172 eiusdem
1765 1131 1984 1186 siquidem

242 1204 499 1248 sanctissimi
530 1203 662 1257 patris
696 1205 822 1255 atque
856 1205 1003 1244 nostra
1034 1216 1112 1255 pro
1144 1201 1257 1244 felici
1290 1204 1406 1243 statu
1440 1203 1592 1243 sancte
1624 1202 1777 1244 matris
1801 1202 1984 1254 ecclesie

245 1274 521 1329 generalique
566 1273 678 1314 bono
726 1272 1050 1313 christianitatis
1088 1286 1136 1313 ac
1175 1271 1414 1325 reipublice
1456 1272 1728 1314 incremento
1774 1278 1874 1315 vota
1920 1273 1984 1316 sic
2002 1269 2053 1311 15

243 1346 503 1387 concurrunt
542 1342 899 1396 insolubilemque
940 1343 1209 1384 affectionem
1257 1343 1338 1384 sibi
1387 1346 1539 1385 mutuo
1578 1344 1826 1396 vendicant,
1865 1346 1982 1398 quod

243 1417 363 1468 pater
394 1415 435 1454 et
458 1412 584 1465 filius,
618 1412 824 1466 quicquid
855 1413 895 1453 in
929 1414 1174 1455 huiusmodi
1209 1413 1391 1466 negotiis
1424 1414 1601 1466 geritur,
1634 1414 1730 1468 pari
1763 1414 1983 1457 desiderio

242 1484 442 1525 affectant
466 1495 543 1523 nec
566 1481 691 1523 aliter
714 1496 842 1536 quam
868 1483 921 1524 ad
944 1484 1223 1536 semetipsum
1247 1484 1476 1537 oportunis
1500 1485 1772 1538 temporibus
1795 1487 1983 1528 occurrit

242 1555 348 1595 alter
379 1553 431 1593 ad
464 1553 657 1604 alterum,
691 1566 787 1593 cum
819 1553 899 1594 hoc
930 1552 1124 1608 mirum¹¹)
1157 1553 1312 1595 caritas
1345 1554 1510 1596 animat
1542 1557 1584 1596 ct
1617 1555 1813 1597 debitum
1847 1555 1981 1610 exigit

239 1622 486 1664 honestatis.
520 1622 706 1674 Ideoque
728 1623 916 1664 vestram
940 1623 1196 1676 requirimus
1221 1625 1381 1677 regiam
1405 1625 1721 1668 fraternitatem
1746 1629 1790 1669 et
1812 1628 1982 1669 attente
1997 1623 2054 1664 20

242 1705 448 1746 rogamus,
482 1693 692 1744 quatenus
725 1692 974 1734 huiusmodi
999 1696 1196 1735 sanctum
1219 1695 1491 1749 propositum
1517 1698 1668 1738 sancte
1693 1697 1818 1739 matri
1844 1698 1982 1739 eccle-

241 1763 301 1803 sie
334 1764 375 1802 et
405 1762 481 1802 toti
515 1761 819 1803 christianitati
852 1765 1160 1816 necessarium,
1195 1765 1300 1806 utile
1334 1768 1377 1807 et
1406 1766 1693 1819 fructuosum,
1726 1769 1982 1810 constanter

241 1834 282 1872 et
313 1831 440 1881 omni,
479 1844 564 1884 qua
601 1832 735 1881 decet,
775 1833 996 1874 celeritate
1028 1835 1350 1888 prosequamini
1386 1850 1466 1878 nec
1499 1837 1704 1891 spiritum
1744 1840 1832 1880 tam
1866 1839 1982 1881 salu-

238 1900 340 1941 taris
372 1899 674 1953 inspiracionis
707 1902 980 1956 extinguatis,
1014 1905 1118 1958 quin
1152 1919 1294 1958 ymmo
1329 1941 1335 1948 .
1364 1939 1371 1947 .
1398 1938 1406 1947 .
1441 1921 1698 1950 succursum
1732 1909 1982 1951 huiusmodi

239 1970 536 2022 amplificando
568 1972 608 2011 et
631 1971 845 2025 copiosius
877 1974 1131 2027 adaugendo
1160 1977 1333 2029 dignam
1357 1978 1677 2020 solicitudinem
1702 1981 1745 2021 et
1768 1979 1981 2022 solicitam
1997 1981 2052 2022 25

240 2039 500 2080 celeritatem
531 2040 783 2094 impendere
812 2043 965 2085 velitis.
1018 2045 1106 2086 Nos
1139 2047 1339 2099 equidem
1370 2048 1599 2105 validum‘)
1632 2052 1830 2092 nostrum
1860 2064 1982 2092 exer-

239 2109 369 2149 citum
399 2109 442 2150 in
463 2110 646 2151 Ytaliam
679 2112 731 2152 ad
764 2115 1095 2167 contenendum,
1128 2118 1466 2170 reprimendum,
1501 2120 1676 2161 domino
1709 2121 1980 2163 exercituum

237 2178 419 2232 desuper
441 2179 682 2231 auxiliante,
703 2194 1006 2234 perversorum
1025 2189 1312 2239 quorumdam
1331 2191 1372 2230 et
1392 2190 1635 2242 rebellium,
1654 2192 1728 2244 qui
1748 2192 1981 2245 pacificum

237 2250 279 2289 et
310 2260 563 2302 prosperum
595 2251 754 2293 statum
788 2256 935 2295 sancte
968 2257 1116 2297 matris
1149 2258 1330 2299 ecclesie
1363 2272 1410 2301 ac
1445 2261 1555 2302 sacri
1589 2261 1774 2303 Romani
1808 2262 1981 2316 imperii

236 2319 277 2357 et.
309 2317 540 2370 reipublice
578 2320 622 2361 in
657 2321 740 2362 illis
772 2324 969 2376 partibus
1001 2325 1285 2381 impungnare
1329 2332 1370 2370 et
1402 2332 1568 2372 temere
1599 2333 1860 2386 perturbare
1891 2346 1979 2375 non
1995 2336 2053 2378 30

235 2389 446 2439 verentur,
488 2389 570 2430 iam
612 2390 664 2431 de
695 2391 808 2433 facto
846 2395 1125 2438 destinamus,
1190 2399 1365 2441 Placeat
1397 2400 1529 2454 igitur
1560 2404 1707 2444 vestre
1741 2403 1858 2457 regie
1892 2403 1979 2446 sra-

236 2455 426 2498 ternitati
459 2471 711 2502 succursum
742 2463 988 2506 huiusmodi
1029 2469 1329 2519 quantocicius
1367 2471 1538 2524 prefato
1576 2486 1748 2515 summo
1780 2473 1979 2527 pontifici

237 2524 460 2567 destinare.
513 2528 731 2583 Quidquid
764 2533 879 2574 enim
898 2536 1096 2590 *subsidii
1118 2539 1290 2591 prefato
1323 2541 1600 2584 sanctissimo
1625 2544 1803 2585 domino
1828 2546 1980 2588 nostro

237 2606 400 2636 summo
446 2598 638 2650 pontifici
685 2603 809 2654 parte
855 2607 985 2647 vestri
1034 2609 1318 2663 prestabitur‚
1372 2611 1496 2653 nobis
1544 2613 1698 2667 utique
1744 2616 1978 2669 prestitum

235 2665 495 2718 reputamus,
535 2670 670 2720 parati
711 2672 765 2712 ad
806 2686 857 2715 ea
887 2674 1054 2728 iugiter,
1098 2691 1183 2731 que
1215 2681 1373 2722 vestris
1405 2682 1638 2725 affectibus
1670 2685 1974 2728 blandiuntur.
1993 2692 2049 2735 35

251 186 330 228 100
646 187 672 226 Ι.
698 186 892 223 Abschnitt.
941 180 1363 227 Unionsverhandlungen
1389 179 1442 215 bis
1471 178 1572 216 1413.

347 2860 375 2893 a)
395 2860 555 2890 Usursinis
574 2865 610 2890 B.
647 2866 677 2900 b)
698 2868 848 2897 Dav-iiber
866 2871 949 2899 alias
968 2873 1119 2902 nimirum
1139 2877 1174 2903 B.
1213 2878 1243 2911 c)
1262 2878 1403 2907 validem
1424 2882 1460 2907 B.

351 2918 375 2960 ¹)
405 2918 473 2963 Vyl.
498 2921 550 2955 die
575 2925 691 2969 vore'ye
717 2927 782 2961 Nr.
