2216 3432
218 185 305 233 299
543 192 603 232 111.
631 190 829 231 Abschnitt,
877 188 1149 239 Vorgeschichte
1175 190 1236 226 des
1262 187 1484 230 Konstanzer
1507 187 1667 234 Konzils.

221 304 438 348 industria
476 304 520 344 et
551 302 648 344 aliis
679 301 895 342 virtutum
928 300 1067 350 doniS,
1111 299 1272 353 quibus
1305 310 1542 352 personam
1584 300 1705 340 tuam
1739 297 1982 351 gratiarum

222 377 345 418 dator
377 372 615 417 altissimus
648 371 882 413 affluenter
914 369 1155 423 insignivit,
1196 370 1373 422 plenam
1406 368 1613 411 fiduciam
1646 369 1899 411 obtinentes
1931 383 1982 412 ex

219 448 338 488 certa
377 446 528 487 nostra
566 442 751 484 scientia
793 442 946 483 damus
985 442 1029 482 et
1067 440 1351 482 concedimus
1392 439 1662 485 facultatem,
1712 442 1982 493 potestatem

219 516 512 559 omnimodam
552 516 593 555 et
625 512 854 566 bayliamst)
893 525 973 565 per
1005 513 1234 564 presentes
1267 524 1366 552 cum
1402 510 1770 553 reverendissimo
1803 510 1982 553 domino

219 587 386 640 Angelo
424 583 621 635 Corario,
664 582 740 636 qui
781 595 806 623 a
847 581 1072 623 nonnullis
1114 581 1448 623 christianitatis
1496 581 1702 633 gentibus
1745 581 2023 635 Gregorius5

220 655 503 699 duodecimus
536 650 876 707 nuncupatui-¹³),
909 652 1090 706 suisque
1113 651 1364 694 oratoribus
1388 652 1443 693 ad
1467 652 1549 694 hoc
1572 652 1767 693 fundatis
1790 663 1871 694 nec
1894 665 1982 695 non

218 727 421 769 omnibus
454 726 498 767 et
529 724 711 778 singulis
744 722 1017 777 principibus
1050 722 1358 764 ecclesiasticis
1391 724 1434 764 et
1466 722 1740 764 secularibus
1764 723 1821 771 dex
1840 722 1981 777 ipsius

217 797 472 840 obediencia
503 797 546 838 et
577 795 814 837 adhesione
847 793 1183 848 existentibus‘)
1216 795 1368 835 nostro
1401 794 1445 835 et
1472 792 1584 835 sacri
1607 792 1779 847 imperii
1804 794 1982 836 nomine

218 870 348 922 atque
382 865 517 919 vice‘¹)
552 864 784 915 tractandi,
818 864 1054 918 ipsumque
1088 866 1131 905 et
1166 864 1328 919 ipsos‘)
1361 877 1441 918 pro
1474 864 1692 906 veniendo
1725 864 1778 906 ad
1814 864 1980 907 dictum

218 938 448 982 concilium
479 935 732 981 inducendi,
776 936 1058 977 assecurandi
1095 937 1137 976 et
1170 935 1434 977 securitates
1467 932 1730 990 quaslibet‘)
1772 935 1906 977 dandi
1938 937 2053 979 et10

217 1009 363 1051 omnia
395 1009 479 1050 alia
508 1010 550 1049 et
573 1007 742 1060 singula
766 1006 966 1055 faciendi,
1000 1005 1301 1060 promittendi,
1335 1005 1566 1047 exercendi
1591 1008 1633 1047 et
1657 1006 1828 1060 agendi,
1861 1007 1981 1060 quod

216 1080 309 1133 ipse
351 1092 448 1121 cum
488 1078 689 1120 omnibus
730 1079 773 1119 et
812 1077 1010 1130 singulis,
1053 1077 1357 1130 cuiuscunque
1390 1076 1762 1130 prelieminencie,
1805 1077 1979 1131 gradus,

217 1149 394 1202 ordinis,
421 1148 691 1190 condicionis
717 1150 848 1201 atque
873 1150 1015 1188 status
1038 1148 1212 1197 existat,
1237 1148 1282 1189 in
1305 1161 1385 1189 sua
1408 1147 1615 1189 comitiva
1638 1147 1980 1202 procedentibus

218 1221 392 1276 salvist')
429 1219 625 1274 ipsorum
664 1218 864 1272 personis
908 1221 1039 1271 atque
1075 1219 1207 1259 rebus
1240 1220 1282 1259 et
1314 1218 1442 1260 bonis
1476 1217 1741 1274 universis'')
1782 1219 1828 1260 in
1862 1219 1980 1261 dicto

218 1291 401 1333 concilio
455 1290 747 1344 personaliter
794 1289 1005 1331 interesse
1054 1289 1252 1343 possit.¹)
1318 1290 1423 1330 Ymo
1472 1289 1575 1343 quia
1620 1289 1760 1343 ipsius
1808 1292 1854 1331 et
1901 1303 1979 1332 sue
1999 1291 2049 1332 15

218 1361 417 1403 comitive
465 1362 518 1402 ad
561 1360 723 1402 dictum
771 1360 1002 1401 concilium
1051 1360 1286 1401 accedendi
1336 1373 1415 1413 per
1457 1361 1715 1402 comitatum
1757 1361 1980 1403 Sabaudie

218 1435 442 1485 terrasque
489 1432 613 1472 villas
656 1432 699 1472 et
737 1434 881 1472 castra
921 1434 1054 1484 atque
1096 1431 1320 1473 territoria
1360 1434 1435 1473 tua
1468 1431 1512 1472 in
1546 1444 1727 1473 accessu
1761 1433 1802 1473 et
1836 1432 1979 1474 reditu

216 1502 299 1544 iter
342 1502 641 1556 peragendum
690 1501 931 1542 dinoscitur
978 1515 1057 1556 per
1097 1502 1327 1551 directum,
1376 1515 1513 1555 quare
1556 1502 1814 1544 fidelitatem
1856 1505 1978 1545 tuam

217 1572 480 1627 requirimus
513 1574 555 1613 et
590 1573 816 1613 hortamur
848 1574 1016 1614 attente
1047 1573 1320 1624 mandantes,
1354 1575 1574 1626 quatenus
1598 1573 1817 1627 prefatum
1841 1573 1978 1615 domi-

218 1657 322 1685 num
354 1643 570 1696 Angelum
610 1643 790 1684 Corario
834 1656 933 1684 cuni
966 1643 1244 1697 principibus
1278 1643 1585 1685 ecclesiasticis
1619 1645 1662 1685 et
1694 1643 1978 1695 secularibus,
1994 1647 2050 1687 :20

216 1714 410 1767 prelatis,
452 1713 634 1764 clericis,
678 1714 922 1754 curtesanis
970 1717 1012 1755 et
1050 1714 1147 1755 aliis
1190 1715 1426 1756 clientibus
1470 1728 1520 1756 ac
1557 1714 1741 1757 alterius
1785 1714 1979 1757 cuiusvis

216 1786 370 1833 status,
413 1785 586 1837 gradus.
625 1784 885 1825 conditionis
925 1787 967 1826 et
1000 1786 1320 1838 preeminentie
1358 1785 1650 1827 existentibus
1691 1786 1735 1828 in
1774 1786 1979 1828 comitiva

216 1855 411 1897 eiusdem
448 1855 790 1908 procedentibus
834 1869 912 1909 per
945 1858 1101 1905 castra,
1137 1856 1274 1907 villas,
1308 1857 1522 1906 civitates,
1557 1856 1776 1898 territoria
1809 1858 1852 1898 et
1885 1857 1979 1899 loca

215 1938 388 1980 queque
421 1927 495 1966 tua
527 1926 712 1967 ubilibet
744 1926 839 1977 sita,
874 1927 927 1967 ad
961 1941 1046 1980 que
1081 1927 1299 1968 declinare
1335 1927 1532 1973 volut-rit,
1563 1928 1747 1970 honeste
1780 1927 1976 1982 recipias,

215 1995 413 2037 benivole
447 1997 657 2049 receptari
693 1996 823 2039 saclas
858 2000 900 2038 et
933 2000 1156 2051 gratanter
1189 2001 1446 2052 pertractes,
1480 2000 1523 2040 et
1556 1998 1716 2052 ipsum,
1749 2000 1797 2039 ut
1829 2011 1976 2052 supra,
1993 2000 2048 2041 25

216 2079 311 2107 cum
335 2067 538 2108 omnibus
561 2069 603 2108 et
627 2067 806 2121 singulis
827 2068 870 2109 in
894 2082 972 2109 sua
996 2068 1197 2110 comitiva
1222 2069 1602 2122 proficiscentibus
1626 2069 1773 2121 libere,
1798 2069 1978 2124 pacifice

216 2138 258 2178 et
290 2137 455 2190 absque
488 2138 605 2179 omni
638 2138 951 2191 impedimento
994 2140 1158 2190 venire,
1192 2140 1392 2191 transire,
1425 2142 1556 2190 stare,
1590 2139 1765 2192 morari,
1797 2153 1978 2182 conver-

215 2207 299 2248 sari
332 2208 375 2249 et
407 2207 546 2249 redire
578 2209 712 2251 semel
746 2211 787 2250 et
821 2210 985 2263 pluries
1018 2210 1136 2252 iuxta
1170 2224 1248 2251 sue
1279 2211 1448 2252 libitum
1474 2210 1712 2253 voluntatis
1735 2210 1978 2265 permittas,

214 2277 426 2330 personis,
459 2278 588 2319 rebus
621 2281 663 2320 et
695 2280 821 2320 bonis
854 2294 1003 2322 eorum
1028 2281 1232 2323 omnibus
1256 2295 1430 2335 semper
1451 2282 1597 2334 salvis,
1620 2281 1855 2336 ipsumque
1879 2294 1977 2323 cum

214 2347 303 2389 suis
335 2361 535 2390 securum
567 2350 718 2390 teneas
750 2352 953 2405 protegas
987 2354 1029 2393 et
1064 2352 1287 2403 defendas,
1322 2352 1494 2407 sibique
1528 2353 1582 2394 de
1614 2352 1735 2395 salvo
1758 2353 1802 2394 et
1824 2365 1977 2394 securo
1991 2353 2049 2394 30

215 2419 427 2460 conducto
459 2419 689 2472 provideas
730 2422 773 2462 et
806 2422 858 2463 de
891 2422 985 2464 aliis
1019 2423 1276 2465 necessariis
1309 2425 1353 2465 et
1385 2423 1716 2478 quomodolibet
1747 2422 1976 2477 oportunis

214 2488 345 2530 facias
378 2489 614 2531 liberaliter
645 2491 1079 2552 provideriQagendo
1112 2495 1230 2548 quod
1261 2494 1306 2536 in
1340 2494 1456 2537 dicto
1479 2493 1663 2536 concilio
1685 2493 1978 2549 personaliter

212 2558 424 2601 interesse
470 2560 610 2614 possit
651 2561 735 2614 et2)
786 2562 868 2604 iter
909 2565 1078 2606 salvum
1126 2565 1329 2619 viamque
1377 2578 1578 2608 securam
1624 2565 1788 2606 habeat
1828 2564 1975 2616 eundi,

214 2629 357 2670 standi
389 2630 433 2671 et
464 2631 673 2673 redeundi
705 2646 785 2687 pro
817 2634 1014 2687 qualibet
1045 2635 1154 2677 hora
1186 2636 1270 2678 diei
1304 2638 1438 2691 atque
1471 2635 1612 2679 noctis
1644 2637 1701 2688 et,
1734 2636 1867 2689 prout
1892 2634 1975 2677 sibi

213 2699 423 2751 placuerit
454 2702 498 2742 et
530 2701 747 2744 videbitur
779 2705 1000 2759 expedire,
1040 2707 1197 2759 ratum,
1236 2706 1427 2759 firmum,
1464 2707 1637 2762 gratum
1669 2707 1714 2748 et
1744 2707 1976 2760 acceptum
1990 2706 2046 2749 35

327 2851 358 2884 a)
378 2851 411 2878 et
434 2851 576 2886 bayliam
602 2853 682 2886 fehlt
708 2855 744 2881 B.
781 2855 814 2889 b)
841 2857 1050 2891 nuncupatur
1079 2856 1258 2891 Gregorius
1284 2857 1502 2885 duodecimus
1528 2858 1558 2886 0.
1596 2857 1626 2892 e)
1659 2857 1725 2886 νοω
1750 2864 1811 2885 nec
1835 2863 1900 2885 non
1926 2856 1976 2885 bis

211 2896 280 2923 hier
298 2897 377 2930 fehlt
398 2899 434 2924 B.
470 2898 502 2932 d)
523 2900 622 2933 atque
642 2900 714 2928 vice
733 2901 813 2935 fehlt
834 2903 871 2929 B.
901 2903 931 2937 e)
952 2904 985 2930 et
1005 2903 1096 2938 ipsos
1114 2904 1195 2938 fehlt
1216 2905 1252 2932 Β.
1283 2905 1307 2939 ί)
1330 2905 1414 2932 Fehlt
1439 2906 1472 2932 Β.
1503 2905 1536 2940 g)
1557 2904 1672 2932 salvus
1692 2905 1723 2932 Ο.
1752 2903 1787 2939 b)
1815 2905 1880 2933 Von
1899 2911 1975 2932 cum

213 2943 363 2972 omnibus
382 2944 430 2972 bie
448 2945 518 2973 hier
536 2946 616 2980 fehlt
636 2949 672 2975 B.

332 3005 353 3047 ¹)
386 3003 458 3038 Von
482 3005 559 3040 laier
584 3018 630 3040 an
655 3006 708 3042 bis
731 3020 844 3054 yeyen
871 3008 1018 3044 Schluss
1045 3013 1080 3045 et
1104 3011 1170 3045 iter
1195 3012 1330 3046 salvum
1347 3011 1446 3056 fehlt
1471 3009 1509 3048 C.

330 3063 358 3106 2)
382 3062 471 3096 Hier
497 3069 589 3098 setzt
615 3066 644 3100 C
667 3066 795 3101 wieder
821 3068 888 3105 ein.
