2216 3432
235 147 318 187 332
499 153 558 188 111.
586 152 783 186 Abschnitt.
836 148 1106 194 Vorgeschichte
1130 147 1192 182 des
1217 147 1440 182 Konstanzer
1463 146 1623 183 Konzils.

233 261 468 304 veridicum
514 260 556 301 et
603 259 768 300 iustum
810 256 1015 297 affectum
1061 254 1117 295 ad
1155 253 1364 296 unionem
1407 253 1495 295 iam
1538 253 1699 295 dictam
1738 252 1922 306 habere,
1963 252 2002 295 si

235 333 395 374 directe
426 330 493 372 vel
526 329 735 370 indirecte
774 339 862 367 non
896 325 1157 379 approbeff)
1190 337 1271 366 nec
1303 324 1541 378 permittat,
1590 324 1712 377 quod
1743 322 1788 364 in
1820 335 2000 378 congre-

233 403 405 456 gatione
443 401 538 454 ipsa
575 399 644 441 vel
684 398 785 439 alibi
825 397 900 437 fiat
935 395 1117 449 aliquid,
1151 395 1329 436 roboret
1360 395 1428 436 vel
1462 394 1724 436 confirmare
1769 393 1925 436 saltem
1955 393 2001 436 in

236 472 499 526 apparencia
544 470 740 511 videatur
785 469 857 508 aut
900 467 1179 519 aliquatenus
1219 466 1481 519 approbare,
1521 465 1641 519 quod
1683 477 1918 518 perperam
1957 465 2002 507 et

236 544 432 596 iniquum
465 542 615 582 contra
649 540 787 580 Deum
820 540 859 579 et
894 537 1123 586 iusticiam,
1157 538 1309 577 contra
1342 549 1473 577 omne
1506 536 1573 577 ius
1606 537 1649 577 et
1681 547 1858 577 omnem
1879 534 2042 589 equi-5

233 616 381 663 tatem,
422 613 463 653 in
503 624 708 664 magnum
742 609 1050 650 detrimentum
1084 606 1259 648 unionis
1293 606 1487 655 ecclesie,
1520 620 1619 660 ymo
1653 607 1696 648 et
1726 605 1866 647 tocius
1898 605 2002 648 fidei

235 684 443 725 catholice
476 696 553 736 per
585 680 854 722 scismaticos
888 681 927 720 et
963 680 1054 720 Deo
1088 678 1273 719 odibiles·
1306 677 1446 718 extitit
1478 678 1783 731 perpetratum
1815 676 1859 718 in
1897 689 2002 718 con-

233 755 480 808 gregatione
513 753 684 801 Pisana,
719 752 757 791 et
795 751 937 803 potest
974 749 1156 791 ulterius
1190 749 1332 789 eidem
1366 747 1454 801 regi
1486 747 1804 789 rationabiliter
1826 749 1869 789 et
1889 747 2001 789 veri-

235 826 327 865 dice
360 824 547 870 suaderi,
581 822 714 875 quod,
749 821 782 861 si
817 820 981 873 aliquid
1015 820 1118 861 boni
1153 820 1207 860 ad
1241 832 1423 872 presens
1456 831 1535 871 per
1557 817 1703 871 ipsum
1725 818 1821 860 fieri
1843 818 2000 871 valeat,

235 896 275 936 id
317 897 444 942 esset,
488 895 606 947 quod
654 892 838 933 maxime
891 892 945 932 ad
998 891 1207 932 unionem
1253 890 1336 930 iam
1384 889 1543 930 dictam
1582 890 1917 931 cementandam
1960 890 2003 931 et
2021 890 2074 931 10

234 966 317 1006 rito
351 966 481 1006 dante
514 964 691 1004 ‹lomim›
725 963 1081 1014 (·onse‹piendani
1116 962 1361 1014 proficeret,
1395 960 1430 1000 si
1464 959 1664 1001 videlicet
1697 960 1807 1001 facta
1832 960 1875 1001 in
1899 973 2002 1002 con-

233 1036 480 1089 gregatione
518 1035 673 1076 Pisana
714 1033 912 1085 nequiter
945 1035 982 1073 et
1020 1034 1074 1074 ab
1108 1032 1269 1084 iniquis
1303 1032 1555 1084 perpetrata
1588 1032 2004 1085 recognoscerentur

235 1121 312 1160 per
344 1119 554 1160 personas
589 1104 753 1145 iusticie
787 1105 826 1143 et
862 1103 1054 1143 veritatis
1088 1103 1263 1144 amicas.
1330 1102 1381 1143 Et
1416 1102 1690 1155 repperietur
1721 1102 1850 1154 clare,
1883 1102 2003 1156 quod

236 1179 288 1218 (le
322 1177 412 1218 iure
445 1178 541 1217 sunt
580 1176 698 1216 nulla
732 1177 769 1215 et
807 1174 923 1215 omni
958 1175 1114 1214 effectu
1148 1187 1284 1215 vacua
1319 1172 1581 1214 nuncianda.

354 1260 429 1300 l)ie
463 1258 633 1300 XXIIII.
670 1258 769 1298 dieti
804 1257 965 1297 mensis
999 1255 1274 1309 Septembris
1319 1255 1496 1296 recessit
1530 1256 1734 1297 dominus
1765 1257 2002 1311 episcopus
2023 1255 2073 1297 15

236 1330 492 1370 Seneceiisis
526 1343 622 1370 cum
656 1329 759 1373 suis,
794 1328 894 1380 quia
930 1327 1134 1369 (lominus
1167 1326 1357 1367 jacobus
1390 1325 1609 1367 Belleroni
1644 1326 1728 1368 iam
1763 1328 2003 1369 recesserat

237 1414 333 1441 cum
367 1400 456 1440 suis
491 1400 558 1440 die
592 1399 734 1440 XVIII.
770 1399 967 1440 eiusdem
1002 1398 1177 1439 mensis.

238 1576 312 1618 88.
373 1575 505 1629 Kiim'y
541 1574 780 1614 hun-dinam!
819 1590 887 1614 ron
924 1575 1161 1629 ,-lr‹1y‹›nien
1204 1581 1370 1614 ernennt
1409 1588 1458 1614 :u
1500 1574 1574 1614 det·
1615 1572 1926 1629 Versammlvmy
1959 1575 2003 1615 in

238 1646 439 1686 Konstan:
473 1646 560 1685 ‹lree'
601 1644 811 1695 l''‹’t·t¹·‹’!et'‚
853 1647 916 1686 ‹lt‘e
950 1649 991 1685 in
1023 1648 1170 1686 &vinem
1208 1643 1366 1685 Numen
1404 1660 1532 1699 (seyen
1570 1646 1671 1687 alles
1711 1661 1783 1686 von
1815 1644 2003 1686 Konzz'ls-

437 1732 568 1771 weyen
605 1716 886 1757 1511.»·‹-l1l‹›.s·sem›
914 1719 1178 1771 prote-srte'eren
1211 1717 1348 1757 sollen.
1418 1715 1525 1756 1414
1561 1716 1733 1757 October
1770 1715 1802 1759 Ι.
2018 1715 2075 1756 20

310 1811 379 1843 ilus
416 1810 545 1854 lt'vylul.
581 1811 673 1843 2399
695 1812 764 1854 jol.
802 1811 909 1843 1:5612
945 1811 1008 1843 der
1041 1811 1337 1854 arayonvsis‹·lmn
1375 1810 1507 1855 lx'iim'yae
1542 1811 1583 1843 im
1620 1810 1752 1843 Archiv
1788 1810 1851 1844 der
1886 1809 2003 1844 Krane

377 1882 418 1901 :11
450 1869 656 1902 llarwlmm.

358 1965 510 2005 Pateat
544 1965 771 2010 universis,
812 1966 930 2019 quod
972 1979 1049 2006 nos
1087 1965 1392 2006 ren-dinandus
1434 1967 1515 2006 etc.
1579 1965 1694 2015 Quia
1726 1965 1889 2006 nostris
1923 1978 2001 2007 au-

240 2035 359 2075 ribus
400 2037 468 2075 est
512 2036 756 2087 perlatum,
795 2036 913 2089 quod
956 2037 1010 2077 ad
1057 2037 1336 2078 vocacionem
1378 2036 1607 2078 cuiusdam
1651 2034 2003 2077 metuendissimi

239 2104 400 2145 domini
442 2105 681 2147 Baltasaris
727 2108 866 2152 Coxa,
915 2107 990 2160 qui
1034 2122 1079 2148 se
1128 2107 1170 2148 in
1218 2108 1300 2148 hoc
1346 2106 1537 2149 nefando
1585 2106 1791 2148 scismate
1840 2103 2074 2148 Johan-25

242 2188 338 2215 nem
371 2175 523 2217 XXIII.
560 2178 774 2218 nominari
815 2178 927 2229 facil,
969 2192 1045 2219 seu
1080 2179 1134 2219 ad
1170 2178 1448 2219 vocacionem
1482 2176 1756 2219 serenissimi
1788 2176 2004 2231 principis

241 2245 505 2297 Sigismnndi
548 2248 847 2289 Romanorum
897 2249 1007 2302 regis
1055 2262 1230 2303 semper
1275 2248 1489 2302 augusti.
1524 2280 1533 2289 .
1568 2279 1577 2288 .
1628 2247 1713 2290 suit
1761 2249 1804 2289 et
1850 2249 1916 2289 est
1959 2246 2003 2289 in

240 2315 413 2356 civitate
446 2317 708 2359 Constancie
734 2333 889 2372 magna
914 2320 1149 2362 multitudo
1183 2332 1471 2373 personarum
1494 2320 1580 2361 tam
1611 2317 2004 2360 ecclesiasticarum

241 2398 372 2438 quam
415 2388 680 2429 secularium
720 2394 1001 2443 congregata,
1047 2405 1154 2445 que,
1201 2393 1248 2432 ut
1290 2390 1473 2442 dicitur,
1520 2389 1757 2432 concilium
1802 2388 2005 2443 generale

244 2456 503 2498 universalis
536 2459 716 2500 ecclesie
749 2474 826 2501 seu
861 2460 957 2502 eius
991 2462 1423 2515 representacionem
1462 2460 1606 2502 facere
1638 2473 1686 2502 se
1718 2458 2005 2513 pretendunt,
2021 2457 2078 2499 30

242 2528 453 2568 conantur
485 2530 527 2569 et
559 2529 816 2575 intendunt:
859 2531 1061 2585 quamvis
1095 2546 1248 2574 revera
1279 2532 1323 2574 id
1356 2531 1498 2574 facere
1530 2534 1755 2585 nequeant
1786 2529 2005 2583 nobisque

244 2609 422 2638 necesse
455 2610 542 2639 non
576 2600 688 2640 soret
725 2601 780 2642 ad
811 2601 1091 2657 infrascripta
1130 2603 1462 2656 procuratorem
1500 2601 1789 2644 constituere:
1829 2612 2005 2642 verum-

247 2667 392 2708 tamen
414 2668 469 2709 ad
491 2669 738 2712 uberiorem
761 2673 802 2713 et
825 2672 1156 2715 habundantem
1189 2673 1410 2715 cautelam
1432 2685 1486 2714 ex
1508 2671 1647 2715 nostri
1669 2672 1791 2714 certa
1812 2669 2006 2713 sciencia

244 2737 548 2780 constituimus
597 2771 605 2780 .
641 2774 649 2781 .
684 2774 692 2783 .
736 2755 812 2784 vos
854 2744 1153 2786 venerabilem
1192 2744 1238 2785 in
1278 2743 1454 2786 Christo
1501 2744 1673 2797 patrem
1723 2740 2004 2794 nobilemque

244 2806 426 2850 dilectos
469 2811 511 2850 et
551 2809 702 2852 fideles
749 2812 1024 2855 consiliarios
1072 2815 1249 2856 nostros
1290 2814 1507 2856 Didacum
1548 2812 1806 2868 episcopum
1848 2811 2005 2854 Zamo-
2019 2808 2075 2852 35

361 2981 390 3014 a)
417 2982 563 3016 Hier-auf
585 2984 668 3019 folqt
700 2987 736 3013 ut
761 2987 938 3015 concilium
967 2988 1263 3024 congregacionem
1289 2987 1497 3027 constancia,
1524 2988 1615 3016 dam·
1643 2993 1705 3015 nec
1729 2984 1902 3026 permittat
1929 2990 2006 3016 uw-

244 3026 390 3061 Eroteree
409 3029 489 3057 doch
507 3029 718 3073 ilberfiaaeiq?
