2216 3432
228 154 312 196 396
546 161 606 198 ΙΙΙ.
632 160 835 197 Abschnitt.
885 159 1157 204 Vei-geschichte
1183 158 1244 192 des
1270 158 1494 192 Konstanzer
1517 157 1676 192 Konzils.

227 270 379 324 peiora
415 268 636 323 prioribus
676 266 1036 321 multiplicarunt.
1100 264 1284 318 Nosque
1323 265 1540 316 nolentes,
1579 264 1701 307 sicud
1742 277 1823 306 nec
1861 263 1996 307 debe-

228 354 339 393 mus,
372 338 553 381 ulterius
586 338 851 392 proterviam
883 336 1127 378 eorundem
1150 336 1421 377 Venetorum
1453 334 1746 389 equanimiter
1775 335 1995 386 tollerare,

228 411 274 452 in
318 411 473 464 hyeme
520 409 729 462 preterita
777 408 831 449 ad
876 407 1128 449 elidendum
1182 406 1415 460 reprobam
1462 405 1708 460 tyranidem
1755 405 1997 448 eorundem

228 482 506 531 Venetorum,
540 480 674 520 misso
709 481 854 521 nostre
887 478 1117 528 excercitu,
1160 476 1235 530 qui
1269 476 1314 518 in
1346 476 1577 529 territoria,
1610 489 1695 530 que
1728 476 1882 518 Veneti
1912 475 1996 531 ipsi

228 552 451 602 tenebant,
485 552 688 603 potenter
720 548 1014 590 castrametati
1054 550 1178 600 sunt,
1219 547 1527 600 debellataque
1567 548 1690 600 prius
1729 545 2038 589 armatorum5

229 635 409 663 suorum
443 620 567 674 copia
600 623 643 662 et
675 620 834 662 deinde
866 621 910 661 in
943 631 1075 660 manu
1113 618 1213 660 sorti
1246 619 1395 659 nostre
1426 619 1578 672 gentes
1608 630 1836 672 progresse
1869 630 1998 672 cepe-

230 693 332 733 runt
364 692 574 736 civitates,
608 693 763 739 castra,
798 690 921 732 villas
950 692 992 731 et
1021 689 1104 731 alia
1134 690 1229 731 loca
1253 691 1295 730 et
1318 689 1551 742 presertim
1575 688 1688 729 infra
1712 688 1950 730 nominata.
1964 688 1999 744 ¹)

347 762 441 812 Que
475 762 620 802 omnia
660 762 703 802 in
736 762 940 802 manibus
981 760 1143 802 nostris
1187 759 1475 812 subsistunta)
1517 761 1560 801 et
1600 759 1778 801 cottidie
1820 759 2000 801 dextera

229 832 428 873 altissimi
471 833 655 874 faciente
698 832 907 872 adversus
940 833 1131 872 Venetos
1180 831 1300 884 ipsos
1340 830 1455 871 vires
1502 831 1756 871 nostrarum
1802 829 1999 884 gentium

228 903 513 951 invalescunt,
548 903 755 956 quoniam
796 904 833 943 et
871 902 1105 943 novissime
1149 901 1274 955 quasi
1315 913 1456 955 prope
1494 900 1629 942 finem
1662 900 1826 942 mensis
1858 900 1999 943 Martii
2019 900 2071 942 10

229 987 401 1027 egressa
433 974 623 1026 quadam
656 974 860 1015 eatherva
894 975 1163 1014 armatorum
1197 973 1251 1013 (le
1283 971 1489 1026 gentibus
1517 972 1799 1024 Venetorum,
1846 971 1999 1013 volens

229 1058 431 1097 campum
465 1046 613 1085 tenere
646 1046 688 1085 et
721 1044 920 1085 insidiari
951 1043 1218 1097 quibusdam
1252 1042 1423 1096 pusillis
1455 1042 1660 1096 gentibus
1684 1041 1848 1083 nostris
1873 1042 1999 1084 Hun-

228 1114 382 1168 garicis
424 1128 505 1167 pro
548 1115 749 1156 custodia
786 1114 951 1155 ibidem
995 1116 1095 1167 post
1137 1112 1511 1167 revocationem2)
1557 1113 1613 1155 ad
1653 1126 1733 1154 nos
1781 1112 1998 1166 capitanei

229 1187 271 1226 et
303 1186 546 1227 ceterarum
579 1186 772 1238 gentium
807 1185 943 1226 nostri
984 1185 1226 1226 excercitus
1261 1183 1423 1225 ibidem
1457 1180 1687 1238 relictisb),
1727 1197 1816 1237 quo
1849 1183 1999 1225 audito

228 1258 380 1309 gentes
414 1258 561 1297 nostre
595 1256 805 1310 impetum
839 1255 1046 1297 facientes
1081 1256 1124 1297 in
1158 1269 1232 1296 eos
1267 1255 1494 1296 victoriose
1527 1254 1869 1308 triumpharunt,
1903 1253 1998 1295 aliis
2019 1253 2070 1296 15

230 1325 339 1367 cesis
371 1326 416 1367 in
449 1340 522 1366 ore
554 1327 699 1380 gladii,
734 1326 828 1367 aliis
863 1340 964 1367 vero
999 1327 1041 1368 in
1075 1340 1235 1380 penam
1269 1327 1311 1366 et
1343 1325 1642 1379 captivitatem
1677 1324 1930 1379 redactis.3)

347 1397 399 1438 Et
433 1411 581 1438 revera
615 1411 806 1451 superna
851 1398 977 1438 nobis
1017 1398 1178 1439 virtute
1217 1396 1450 1438 assistente
1484 1409 1762 1450 nequaquam
1804 1409 1829 1436 a
1861 1395 1999 1450 ceptis

230 1467 505 1515 desistemus,
537 1469 613 1510 sed
646 1468 1000 1510 continuabimus
1033 1468 1213 1510 viriliter
1245 1468 1442 1521 potentie
1481 1469 1629 1509 nostre
1661 1467 1890 1509 brachium
1923 1466 2000 1508 ad-

229 1551 378 1579 versus
412 1553 485 1580 eos
519 1539 867 1592 multiplicando.
903 1540 1041 1581 donec
1066 1539 1292 1580 humiliata
1316 1538 1448 1580 suerit
1481 1537 1681 1580 elationis
1713 1550 1790 1579 sue
1814 1537 1998 1579 altitudo

230 1610 272 1649 et
305 1609 504 1651 restituta
540 1610 787 1663 unicuique,
821 1624 907 1663 que
940 1624 1019 1664 per
1052 1611 1171 1664 ipsos
1204 1611 1393 1652 Venetos
1426 1609 1539 1651 male
1572 1610 1615 1649 et
1660 1608 1872 1650 tirannice
1905 1607 2001 1650 sue·
2016 1611 2073 1652 20

231 1681 327 1720 rant
361 1694 383 1720 a
417 1681 675 1722 christicolis
710 1684 932 1734 usurpata.

348 1750 458 1792 Ecce
506 1751 666 1793 etenim
715 1752 937 1806 copiosam
987 1754 1161 1806 gentem
1213 1754 1410 1794 nostram
1457 1751 1512 1792 (le
1560 1763 1673 1792 novo
1717 1750 1920 1804 aptamus
1959 1750 2002 1790 et

231 1820 443 1862 mittimus
491 1824 643 1864 contra
688 1822 822 1876 ipsos,
876 1836 962 1876 que
1010 1823 1140 1864 etiam
1188 1823 1491 1877 preparabant
1538 1821 1653 1863 viam
1698 1821 1799 1862 ante
1848 1819 2001 1862 faciem

232 1893 426 1932 nostram
451 1893 505 1934 ad
529 1895 676 1946 partes
700 1894 851 1942 Ytalie,
876 1894 1086 1947 quoniam
1113 1894 1156 1935 in
1180 1895 1426 1947 autumpno
1450 1892 1664 1946 proximo,
1694 1892 1785 1933 Deo
1809 1890 2002 1945 auspice,

232 1962 286 2002 ad
327 1963 657 2016 suscipiendum
705 1964 890 2018 primam
939 1978 1144 2006 eoronam
1184 1964 1456 2018 imperialem
1497 1963 1552 2004 ad
1589 1963 1738 2017 partes
1772 1961 2002 2003 Alemanie
2017 1963 2073 2005 ⁴:25

231 2045 406 2085 gressus
446 2036 621 2075 nostros
661 2034 961 2090 dirigemus-A)
1011 2038 1054 2077 et
1101 2035 1261 2077 deinde
1311 2035 1401 2076 Deo
1450 2033 1707 2076 salutarium
1753 2033 2002 2075 nostrorum

232 2116 544 2156 prosperorum
588 2105 773 2147 faciente
822 2107 903 2147 iter
941 2108 1140 2148 nostrum
1185 2119 1263 2160 pro
1297 2104 1591 2159 suscipiendis
1633 2103 1729 2146 aliis
1768 2102 2003 2157 dyadema-

232 2174 348 2214 tibus
381 2173 681 2228 imperialibus
714 2177 757 2218 in
791 2177 937 2219 futura
979 2190 1102 2230 yeme
1135 2176 1334 2231 proxima
1366 2176 1421 2217 ad
1454 2177 1603 2229 partes
1635 2174 1789 2226 Ytalie,
1823 2173 1913 2226 ubi,
1956 2174 2003 2214 ut

234 2244 384 2293 nostis,
423 2248 489 2287 est
529 2260 634 2288 aura
676 2249 938 2301 temperata,
979 2247 1220 2301 assumptis
1254 2246 1386 2288 etiam
1428 2246 1471 2287 in
1514 2244 1763 2287 comitivam
1805 2244 2003 2286 nostram

350 2387 379 2417 a)
400 2385 578 2413 subsistuit
599 2387 634 2413 B.
672 2386 704 2420 b)
729 2387 794 2413 Dar
813 2387 888 2414 Sat:
908 2387 948 2414 int
970 2386 1218 2414 anakolulhioch
1239 2385 1437 2420 aufqebaut.
2018 2374 2076 2418 30

357 2447 380 2488 ¹)
408 2445 476 2480 Die
512 2445 645 2480 Namen
668 2447 791 2491 selden
824 2447 911 2490 hier,
946 2446 1034 2481 aber
1065 2447 1121 2481 ein
1154 2446 1380 2480 lateinisches
1418 2443 1663 2479 Verzet‘clwisoe
1693 2442 1809 2488 findet
1839 2441 1915 2477 sich
1950 2441 2005 2477 bet

236 2504 433 2546 Asc-lobach,
477 2504 685 2539 Geschieme
719 2505 849 2540 Kaiaer
881 2505 1068 2551 Siymumlx
1101 2505 1130 2548 I,
1162 2504 1232 2539 443
1236 2504 1280 2551 ff
1350 2502 1644 2539 Wahrscheinlich
1679 2502 1726 2537 iat
1757 2513 1795 2537 es
1828 2501 1884 2536 ein
1919 2501 2004 2535 iilun-

236 2563 345 2597 licher
370 2563 491 2597 Zettel
515 2575 686 2609 yeme-seu.
748 2563 926 2598 mndeeke
958 2564 1020 2598 Ιιαι
1050 2565 1105 2598 tin
1143 2563 1386 2598 Verzeichniss
1419 2563 1455 2597 in
1487 2561 1676 2597 deutsclwr
1703 2559 1865 2607 Spraclze
1896 2558 2004 2604 (Aus-

234 2621 323 2666 9abe
349 2634 416 2656 von
441 2622 619 2667 Altmann)
646 2622 684 2657 S.
710 2621 796 2668 25s.

355 2681 381 2724 ²)
410 2681 489 2715 Man
515 2682 583 2727 vyl.
609 2681 732 2716 hierzu
765 2682 821 2716 die
850 2682 1082 2728 Darscelluny
1115 2681 1172 2717 bei
1196 2680 1386 2716 Asclabacla
1409 2679 1493 2724 339,
1527 2679 1673 2714 monach
1702 2677 1768 2713 der
1792 2675 2004 2723 unqarioche
2018 2672 2074 2717 35

235 2739 407 2774 Feldlaerr
432 2739 533 2787 Pipa,
559 2740 747 2775 henoc-hen
772 2753 839 2775 von
863 2741 930 2776 den
962 2741 1213 2783 Venesianern,
1238 2740 1314 2776 sicle
1338 2738 1634 2786 zuri'lckyezoqen
1657 2735 1759 2772 habe.
1810 2734 1923 2771 Some
1947 2734 2004 2770 die

238 2798 679 2845 Bexteclcunysyeschiclzce
695 2800 819 2846 salse-h
847 2801 946 2835 sein?

356 2858 383 2902 ⁸)
414 2858 572 2893 Welclzer
599 2857 685 2904 Siey
710 2870 755 2894 zu
772 2858 872 2894 Ende
893 2859 996 2894 Miirz
1014 2857 1107 2894 1412
1129 2859 1283 2905 qemeint
1306 2858 1365 2902 iat,
1390 2858 1438 2892 ist
1461 2855 1560 2891 nicht
1583 2854 1712 2890 eicher.
1754 2853 1830 2888 Aua
1855 2862 2006 2888 unoerer

242 2915 470 2962 Darstelluny
501 2917 601 2952 sollte
631 2928 712 2951 man
743 2917 829 2952 eber
859 2917 1064 2960 schlaeaseu,
1099 2917 1183 2952 daea
1212 2916 1417 2963 Siya’smund
1443 2914 1542 2950 nicht
1571 2923 1732 2960 zuqeyen
1758 2922 1846 2947 war.
1898 2910 2006 2946 Dana
2127 2928 2131 2958 f

237 2974 329 3009 kann
353 2986 390 3010 es
414 2975 479 3010 der
505 2974 591 3021 Siey
617 2975 673 3011 bei
698 2975 811 3011 Motta
836 2977 933 3012 m'clet
955 2977 1042 3014 sein.
1092 2975 1281 3012 Asclabaela
1309 2974 1349 3010 S.
1373 2973 1447 3010 340
1469 2973 1541 3010 und
1575 2970 1754 3008 Wlndecke
1781 2969 1822 3006 S.
1845 2969 1905 3005 26.
1987 2987 1989 2989 ·
2016 2971 2077 3016 40
2112 2959 2127 3026 γ’

357 3034 384 3080 ¹)
422 3033 486 3069 Von
512 3033 716 3081 Siyt‘smund
738 3047 793 3071 um
815 3035 912 3071 dim
929 3034 1015 3072 Zeit
1036 3034 1244 3071 wieder-holt
1266 3034 1358 3071 nack
1383 3033 1478 3071 allen
1494 3031 1716 3079 Richmqen
1740 3029 1801 3066 laia
1822 3027 2004 3078 yemalem.
