2216 3432
274 180 334 226 46
685 186 712 222 Ῐ.
741 185 936 222 Abschnitt.
980 176 1404 224 Unionsverhandlungen
1428 175 1482 212 bis
1510 175 1612 214 1413.

275 297 619 352 reintegracione
665 295 710 336 et
755 292 917 335 unione
971 290 1120 331 sancte
1161 285 1314 328 matris
1363 283 1546 327 ecclesie
1590 282 1637 325 in
1676 283 1794 326 dicta
1834 287 2026 326 conv'en-

276 370 398 411 cione
429 364 718 421 personaliter
754 375 833 404 suo
863 373 965 402 vero
997 357 1079 400 iuri
1125 358 1168 398 et
1204 355 1386 409 papatui
1417 367 1527 408 pure
1566 356 1611 396 et
1648 353 1789 395 libere
1830 366 1881 396 ac
1918 354 2026 396 sim-

275 439 445 492 pliciter
476 437 626 478 cedere
658 436 701 476 et
734 430 1006 480 renunciare,
1039 428 1074 469 si
1106 426 1330 481 predictus
1362 425 1558 478 Angelus
1592 424 1808 476 Corrario,
1845 425 1894 466 ut
1923 437 2026 478 pre-

277 508 441 550 dictum
481 508 565 558 est,
604 503 834 557 Gregorius
870 499 1131 544 nominatus,
1169 496 1454 537 consimiliter
1494 494 1774 536 renunciabit
1819 495 1863 536 et
1900 495 2026 536 cedet

277 580 482 632 pretenso
528 575 611 616 iuri
659 587 737 615 suo
785 574 827 613 et
872 569 1051 624 papatui
1082 568 1152 609 vel
1185 567 1436 620 quicunque
1469 577 1698 606 successor
1729 577 1837 606 suus
1869 563 2066 607 eodem5

277 648 419 698 modo,
452 647 500 687 ut
532 644 813 697 premittitur,
848 638 1120 682 renunciabit
1152 639 1194 678 et
1226 637 1363 687 cedet,
1397 636 1501 676 dum
1520 636 1667 676 tamen
1698 635 1794 688 ipse
1825 635 1895 676 vel
1926 648 2026 678 suc-

278 730 423 758 cessor
455 728 559 757 suus
591 715 633 756 et
662 713 735 763 illi,
768 711 842 764 qui
875 710 993 764 apud
1024 709 1194 761 partem
1218 719 1342 748 suam
1374 719 1454 758 pro
1477 704 1777 747 cardinalibus
1800 718 1847 747 se
1869 707 2027 758 gerunt

275 788 343 829 vel
365 788 527 840 gerent,
558 784 618 826 sic
650 785 696 825 ut
717 782 946 836 prefertur,
970 779 1189 820 noluerint
1212 790 1310 818 cum
1343 776 1550 831 effeetuss)
1581 775 1812 818 convenire
1845 778 1890 817 et
1921 788 2026 818 con-

279 857 455 899 cordare
488 869 586 896 cum
619 855 770 895 eodem
802 865 916 906 papa
947 850 1184 891 Benedicto
1224 848 1290 889 vel
1325 861 1423 888 cum
1456 846 1785 888 venerabilibus
1817 846 2026 889 fratribus

277 927 366 968 suis
399 927 547 968 sancte
568 925 764 965 Romane
797 920 976 963 ecclesie
1009 919 1318 967 cardinalibus,
1351 918 1470 970 quod
1494 917 1652 958 exinde
1675 917 1886 959 canonica
1907 917 2026 959 unici
2043 916 2100 958 10

278 996 463 1038 Romani
494 993 711 1048 pontificis
745 994 948 1045 sequatur
997 989 1149 1031 electio
1189 991 1231 1029 et
1263 988 1366 1029 unio
1409 988 1592 1029 ecclesie
1625 989 1774 1029 sancte
1808 987 1898 1030 Dei.
1961 987 2026 1030 Ne

275 1068 420 1108 tamen
452 1065 666 1114 credatur,
700 1063 816 1116 quod
848 1061 962 1102 idem
996 1073 1111 1114 papa
1135 1059 1398 1100 Benedictus
1433 1058 1485 1099 de
1518 1071 1597 1100 suo
1621 1058 1714 1100 iure
1738 1057 1891 1100 difisus
1912 1059 2026 1101 hanc

276 1136 386 1177 viam
411 1134 618 1178 obtulerit
650 1135 691 1174 et
723 1147 776 1174 ne
809 1132 911 1173 unio
935 1130 1114 1172 ecclesie
1149 1131 1191 1171 in
1227 1143 1327 1171 casu
1353 1130 1501 1183 aliquo
1523 1130 1753 1171 occasione
1776 1128 2026 1171 huiusmodi

276 1207 418 1247 valeat
450 1204 660 1257 impediri,
702 1204 969 1256 protestatur
1002 1202 1094 1254 ipse
1127 1213 1242 1253 papa
1274 1200 1555 1250 Benedictus,
1599 1200 1716 1253 quod
1751 1213 1830 1253 per
1861 1200 2026 1242 oblaci-

277 1289 405 1318 onem
427 1275 683 1328 premissam
717 1287 804 1314 non
835 1272 1021 1313 intendit
1054 1272 1282 1312 excludere
1316 1270 1443 1312 aliam
1477 1270 1589 1312 viam
1614 1283 1924 1325 quamcunque
1957 1270 2095 1313 ra-15

280 1345 551 1395 cionabilem,
598 1357 676 1397 per
723 1356 851 1396 quarn
897 1356 1000 1383 vera
1048 1342 1151 1382 unio
1189 1342 1339 1382 baberi
1388 1342 1529 1394 possit
1576 1342 1621 1383 in
1656 1341 1733 1382 Dei
1766 1342 1951 1384 ecclesia
1982 1344 2026 1384 et

276 1417 395 1470 pacis
427 1414 722 1468 tranquillitas
755 1413 995 1469 inlpopulo
1029 1412 1265 1453 christiano
1298 1426 1439 1453 amen.

393 1486 532 1538 Super
564 1486 656 1527 loco
689 1483 994 1525 convencionis
1027 1485 1213 1536 possunt
1245 1482 1413 1524 offerri:
1462 1483 1616 1535 primo,
1651 1483 1803 1524 civitas
1836 1482 2026 1525 Teraco-

277 1556 438 1598 niensis
470 1569 606 1608 prope
639 1568 769 1603 mare,
817 1568 901 1607 que
950 1557 1016 1595 cst
1063 1553 1257 1601 ecclesie,
1307 1553 1349 1594 in
1399 1567 1485 1606 qna
1519 1553 1739 1605 capitanei
1772 1566 2026 1596 communes

276 1626 503 1678 utriusque
535 1627 743 1679 poterunt
775 1626 934 1665 habere
958 1625 1132 1677 plenam
1156 1623 1514 1671 iurisdictionem,
1550 1637 1637 1664 non
1671 1626 1839 1665 tantum
1874 1623 1918 1665 in
1951 1630 2026 1666 cu-‘
2041 1623 2098 1664 20

276 1697 456 1737 l-ialibus
489 1698 530 1736 et
561 1695 837 1736 venientibus
871 1695 924 1735 ad
957 1694 1132 1744 curiam,
1167 1696 1230 1734 set
1264 1695 1399 1735 eciam
1435 1694 1478 1735 in
1513 1694 1713 1735 civilibus
1746 1696 1789 1735 et
1822 1693 1918 1735 aliis
1952 1695 2027 1736 de-

276 1766 538 1807 clinantibus
571 1766 624 1806 ad
658 1767 816 1806 dictam
849 1765 1081 1806 civitatem.
1131 1765 1237 1805 Item
1272 1764 1469 1805 officiarii
1503 1767 1545 1805 et
1577 1765 1694 1806 cives
1727 1764 1841 1806 dicte
1874 1764 2026 1806 civita-

275 1835 330 1876 tis
362 1837 622 1888 prestabnnt
655 1836 935 1877 securitatem
970 1834 1113 1876 medio
1162 1835 1407 1876 iuramento
1456 1849 1505 1876 ac
1553 1835 1690 1876 eciam
1738 1834 1940 1888 homagio
1973 1835 2026 1876 de

276 1906 387 1947 bene
420 1909 462 1947 et
494 1906 677 1947 fideliter
711 1907 976 1959 protegendo
1011 1919 1085 1947 eos
1119 1909 1161 1946 et
1194 1906 1435 1958 quemlibet
1469 1919 1621 1946 eorum
1654 1909 1697 1946 et
1731 1918 1834 1947 suos
1867 1908 1947 1947 etc.
1982 1908 2027 1948 et

276 1977 393 2030 quod
425 1976 558 2017 libere
591 1976 770 2029 quilibet
804 1989 955 2017 eornm
1003 1990 1101 2017 cnm
1134 1976 1222 2017 suis
1256 1977 1428 2028 possint
1460 1976 1622 2018 ibidem
1655 1978 1784 2026 stare,
1834 1976 1952 2018 exire
1984 1978 2027 2018 et
2042 1977 2096 2018 25

277 2046 417 2086 redire
451 2047 495 2086 et
527 2045 627 2086 inde
659 2047 861 2087 recedere
895 2047 948 2087 ad
982 2046 1165 2088 libitum.
1200 2050 1331 2100 prout
1365 2047 1427 2088 eis
1460 2047 1688 2100 placuerit.
1753 2047 1862 2088 Item
1895 2059 2028 2100 super

277 2115 483 2169 hospiciis
516 2119 557 2156 et
589 2116 846 2157 victualibus
879 2130 928 2157 ac
961 2117 1057 2158 aliis
1090 2118 1347 2158 ordinandis
1381 2120 1423 2159 et
1456 2119 1704 2160 statuendis
1738 2118 1800 2159 illi
1835 2118 1888 2159 de
1921 2117 2028 2159 civi-

276 2187 363 2226 tate
397 2187 574 2227 stabunt
607 2187 819 2228 voluntati
851 2190 893 2228 ct
926 2187 1196 2228 ordinacioni
1222 2188 1517 2241 eligendorum
1552 2201 1631 2241 pro
1666 2191 1855 2242 utraque
1888 2190 2026 2242 parte.

276 2256 330 2295 Et
361 2256 538 2309 insuper
570 2270 683 2310 papa
715 2271 793 2310 pro
826 2257 1057 2298 securitate
1091 2272 1277 2311 persone
1310 2259 1488 2300 alterius
1521 2262 1564 2300 et
1596 2272 1773 2301 suorum
1806 2259 1928 2301 dabit
1960 2271 2028 2300 se-

277 2326 504 2368 curitatem
535 2327 734 2377 similem,
784 2342 914 2381 quam
965 2329 1082 2370 dedit
1131 2330 1196 2370 vel
1245 2331 1479 2371 tenebatur
1513 2330 1616 2371 dare
1650 2330 1891 2371 secundum
1925 2329 2101 2370 con-30
2164 2341 2170 2347 ·

277 2396 466 2438 cordiam
499 2397 653 2438 factam
687 2398 731 2438 in
765 2399 952 2440 Marsilia
985 2412 1117 2452 super
1150 2400 1443 2442 convencione
1466 2400 1657 2442 civitatis
1680 2398 1951 2442 Sunonensis
1984 2399 2028 2441 et

277 2479 352 2518 pro
385 2467 535 2509 maiori
567 2468 800 2510 securitate
835 2470 952 2511 dabit
1001 2470 1046 2510 in
1087 2484 1216 2524 posse
1257 2474 1415 2519 certos,
1461 2471 1513 2512 de
1545 2483 1632 2524 qno
1665 2472 1815 2524 partes
1847 2482 2029 2511 concor-

279 2536 457 2588 dabunt,
488 2538 601 2578 viros
636 2538 804 2580 nobiles
836 2542 923 2580 tam
957 2540 1010 2581 de
1042 2554 1199 2593 genere
1232 2555 1311 2582 suo
1334 2554 1466 2594 quam
1490 2541 1599 2582 alios
1624 2541 1793 2583 nobiles
1826 2540 1895 2582 vel
1926 2552 2027 2594 pre-

284 2606 395 2647 latos
426 2607 469 2648 in
503 2621 683 2649 numero
707 2623 793 2653 sex,
827 2612 924 2652 octo
947 2611 1014 2652 vel
1048 2612 1210 2655 decem,
1244 2612 1318 2664 qui
1353 2614 1485 2652 erunt
1517 2611 1695 2653 obsides
1727 2614 1817 2653 tam
1848 2623 1926 2664 pro
1959 2623 2028 2652 se-

280 2677 462 2718 curitate
484 2691 767 2731 personarum
792 2694 923 2733 quam
955 2694 1033 2734 pro
1067 2682 1163 2722 aliis
1186 2682 1491 2734 adimplendis,
1526 2683 1579 2724 de
1611 2683 1774 2735 quibus
1807 2682 1892 2724 erit
1923 2693 2028 2723 con·
2045 2681 2098 2723 35

281 2747 503 2788 cordatum
522 2749 623 2790 dare
656 2750 844 2801 obsides,
877 2753 919 2792 et
950 2752 1006 2792 ad
1039 2755 1246 2793 maiorem
1268 2753 1521 2795 firmitatem
1552 2753 1718 2806 negocii
1750 2765 1832 2806 pro
1864 2751 2031 2794 securi·

281 2815 367 2856 tate
400 2830 562 2867 eorum,
596 2819 647 2860 de
681 2820 839 2873 quibus
872 2822 1211 2872 concordabunt,
1245 2824 1336 2865 fore
1370 2824 1538 2866 dandos
1570 2823 1867 2866 fideiussores.
1908 2823 2031 2876 Papa

285 2884 405 2926 dabit
426 2890 685 2930 mercatores
707 2889 861 2932 fidatos
894 2892 937 2933 et
968 2892 1124 2945 planos
1157 2906 1207 2934 ac
1229 2895 1448 2946 potentes,
1481 2895 1558 2948 qui
1590 2894 1637 2936 in
1658 2891 1929 2949 particulari,
1960 2891 2031 2935 vel

283 2955 526 3008 solempnes
557 2958 875 3012 universitates,
923 2962 998 3015 qui
1043 2963 1090 3004 in
1138 2964 1359 3006 communi
1405 2964 1713 3007 fldeiubebunt
1757 2965 1812 3007 de
1842 2964 1956 3007 bene
1987 2963 2032 3005 et

282 3024 627 3083 W
2045 3045 2103 3087 40

2196 231 2216 322 Ἁμιὶὶζ
