2216 3432
506 205 549 240 A.
577 205 640 240 Die
665 204 850 250 Berufung
875 204 936 239 des
963 204 1160 239 romischen
1185 200 1346 240 Konzils.
1387 204 1490 240 1411.
1529 203 1591 241 Nr.
1618 205 1675 240 31.
1896 195 1978 237 129

192 331 269 372 pre
303 315 464 358 ceteris
497 313 681 356 urbibus
721 312 816 355 toto
849 312 954 354 orbe
989 310 1164 354 diffusis
1197 311 1411 353 exuberat
1443 311 1490 352 et
1522 311 1713 363 excellit,
1757 312 1982 354 confluere

193 387 371 431 avidius
403 388 445 429 et
477 384 723 429 ferventius
756 384 1099 435 consueverunt,
1141 384 1186 424 et
1218 395 1300 436 pro
1333 382 1460 423 cuius
1493 382 1616 423 urbis
1650 382 1908 425 defensione
1942 386 1985 426 et

194 457 548 508 manutensione,
586 469 640 498 ne
673 469 698 497 a
731 454 938 497 Ladislao
973 455 1026 496 de
1060 453 1284 505 DirachiO,
1318 466 1365 494 se
1400 466 1545 507 regem
1580 454 1810 496 nominare
1834 455 1984 497 Sicilie

195 529 510 573 damnabiliter
557 526 858 581 presumente,
907 525 1036 567 hoste
1088 523 1264 566 notorio
1305 537 1355 565 ac
1398 524 1578 573 rebelle,
1627 524 1797 567 nefario
1844 525 1985 579 ipsius

153 601 381 643 5ecclesie
414 600 680 653 occupatore
715 597 883 638 dudum
917 598 1072 638 contra
1105 595 1325 649 prefatam
1356 595 1588 637 ecclesiam
1618 595 1760 650 ipsius
1784 597 1908 638 urbis
1931 598 1987 640 ad

193 673 239 714 id
283 671 388 714 totis
428 670 597 713 viribus
646 667 914 718 connitente,
966 667 1049 708 sub
1092 667 1251 708 umbra
1296 667 1430 719 atque
1472 667 1711 720 perniciosi
1753 668 1984 710 velaminis

194 744 380 785 obtentu
422 739 689 796 perditionis
731 738 899 780 alumni
939 737 1097 791 Angeli
1145 736 1325 779 Corario
1365 751 1413 778 se
1456 738 1718 791 Gregorium
1751 739 1830 780 XII
1872 753 1983 781 ausu

193 813 432 867 temerario
481 810 766 859 nominantis,
821 809 1007 851 heretici
1055 810 1191 862 atque
1240 807 1481 850 scismatici
1529 811 1572 850 et
1624 810 1983 852 scandalizatoris

195 885 393 927 eiusdem
426 882 625 934 ecclesie,
658 895 738 935 per
771 882 916 935 ipsum
942 881 1153 928 Pisanum
1188 879 1423 921 concilium
1457 880 1548 921 suis
1582 881 1725 934 culpis
1758 883 1801 923 et
1835 883 1983 923 deme-

129 957 182 999 10
198 957 294 999 ritis
335 955 614 1010 exigentibus
654 967 704 996 ac
744 953 861 994 iusto
896 953 975 994 Dei
1016 951 1178 993 iudicio
1220 965 1270 993 ac
1303 951 1464 993 deinde
1499 966 1578 1006 per
1610 966 1846 1006 processus
1879 966 1985 1006 apo-

197 1028 375 1070 stolicos
399 1025 723 1068 sententialiter
746 1023 1047 1075 condemnati,
1071 1023 1255 1077 suisque
1280 1023 1547 1076 sequacibus
1571 1024 1653 1065 sub
1677 1025 1987 1077 potentissimo

197 1097 467 1141 formidabili
502 1097 770 1150 extentoque
799 1096 994 1144 brachio,
1036 1108 1138 1136 nam
1172 1095 1228 1136 ad
1262 1094 1558 1148 diripiendam
1592 1096 1985 1149 occupandamque

198 1171 386 1212 eandem
426 1168 471 1209 in
506 1168 751 1209 fomentum
799 1166 1018 1208 scismatis
1058 1179 1108 1207 ac
1140 1165 1370 1220 pravitatis
1404 1166 1601 1207 heretice
1634 1169 1753 1209 terra
1785 1167 1986 1221 marique

198 1241 342 1283 modis
366 1239 574 1282 omnibus
598 1239 872 1290 nitebantur,
897 1237 1195 1280 seditionibus
1220 1239 1354 1291 atque
1377 1237 1547 1290 guerris
1570 1239 1778 1292 occupari
1803 1239 1986 1293 valeret,

131 1314 182 1355 15
199 1326 297 1354 cuin
347 1311 550 1365 periculo
604 1310 715 1352 foret
775 1323 825 1351 ac
872 1308 1065 1351 evidenti
1118 1309 1244 1350 ruine
1298 1308 1585 1361 contermina,
1635 1310 1788 1351 relicta
1835 1313 1988 1353 nostra

198 1383 572 1436 predilectissima
610 1382 700 1423 filia
745 1381 921 1422 civitate
953 1379 1242 1426 Bononiensi,
1285 1393 1308 1421 e
1340 1381 1544 1434 partibus
1582 1381 1669 1422 illis
1703 1394 1800 1423 cum
1836 1384 1987 1424 nostra

199 1454 319 1496 curia
353 1468 496 1508 nuper
528 1453 651 1507 pacis
675 1453 831 1506 angelo
855 1452 1096 1494 comitante
1119 1452 1403 1505 pervenimus
1427 1452 1638 1506 illamque
1661 1455 1816 1495 urbem
1842 1454 1988 1496 divina

198 1525 372 1567 favente
406 1524 640 1566 clementia
673 1524 805 1566 tutati
837 1537 989 1565 sumus
1024 1525 1067 1564 et
1090 1524 1144 1565 de
1168 1523 1408 1565 hostilibus
1433 1524 1632 1566 faucibus
1659 1525 1799 1567 nostri
1823 1527 1988 1568 adven-

198 1598 270 1638 tus
314 1596 539 1638 celeritate
584 1596 864 1642 retraximus,
911 1608 997 1648 que
1043 1595 1152 1646 erat,
1197 1594 1259 1635 sic
1298 1595 1550 1637 arctabatur
1592 1597 1807 1650 angustiis
1849 1598 1988 1639 unde-

129 1672 186 1711 20
201 1680 406 1721 cumque,
440 1667 594 1721 procul
638 1667 773 1708 dubio
807 1666 1006 1719 peritura
1039 1666 1085 1707 in
1120 1665 1261 1707 nostri
1295 1679 1345 1707 ac
1378 1667 1551 1720 prefate
1585 1667 1769 1710 ecclesie
1801 1681 1850 1710 ac
1883 1670 1989 1711 sub-

201 1738 393 1780 ditorum
443 1739 587 1779 status
630 1738 876 1790 periculum
926 1737 1229 1779 inextimabile
1277 1739 1320 1779 et
1365 1737 1596 1790 iacturam,
1645 1739 1790 1781 locum
1838 1740 1987 1794 itaque

201 1810 406 1860 fertilem,
456 1808 792 1862 capacissimum
835 1809 880 1850 et
914 1809 1260 1860 accommodum,
1299 1808 1507 1861 habilem,
1552 1811 1594 1851 et
1628 1810 1858 1852 decentem
1891 1825 1988 1853 esse

201 1880 458 1923 huiusmodi
492 1880 638 1921 futuro
663 1880 849 1922 concilio
874 1881 974 1933 post
998 1880 1366 1922 deliberationem
1389 1882 1432 1922 et
1455 1881 1841 1933 consultationem,
1876 1897 1986 1936 quas

201 1966 300 1994 cum
350 1951 684 1994 venerabilibus
732 1951 945 1993 fratribus
993 1952 1156 1992 nostris
1207 1950 1406 1993 eiusdem
1455 1951 1640 2006 ecclesie
1691 1953 1990 1996 cardinalibus

131 2026 337 2078 25supe1-
370 2024 454 2064 hoc
487 2022 725 2064 habuimus
759 2022 1008 2075 diligentes,
1043 2023 1096 2063 de
1130 2023 1374 2064 eorundem
1407 2024 1594 2064 fratrum
1627 2025 1811 2067 consilio
1837 2027 1989 2068 aucto-

202 2094 331 2136 ritate
372 2093 616 2149 apostolica
663 2095 706 2135 et
747 2108 797 2135 ex
837 2096 958 2135 certa
998 2093 1186 2135 scientia
1225 2093 1369 2135 locum
1413 2095 1764 2148 congregationis
1804 2097 1846 2137 et
1885 2109 1991 2138 con-

201 2165 621 2218 ventionis-prefati
660 2164 798 2207 futuri
844 2178 893 2206 ac
933 2164 1150 2217 generalis
1193 2164 1367 2206 concilii
1411 2166 1467 2207 ad
1506 2166 1686 2207 laudem
1728 2169 1772 2208 et
1804 2167 1988 2220 gloriam

202 2236 519 2290 omnipotentis
559 2237 654 2288 Dei,
701 2237 831 2278 beate
869 2236 1005 2278 Marie
1050 2248 1227 2289 semper
1259 2235 1456 2290 virginis,
1495 2238 1750 2279 sanctorum
1784 2237 1904 2279 Petri
1947 2240 1990 2280 et

204 2308 330 2350 Pauli
366 2308 668 2361 apostolorum
702 2310 747 2349 et
778 2307 916 2349 totius
949 2307 1126 2349 celestis
1157 2306 1291 2359 curie,
1325 2308 1682 2350 reformationem
1706 2311 1848 2351 status
1872 2310 1991 2351 salu-

132 2378 385 2424 30ber1-i1ni
417 2378 587 2433 prefate
621 2379 809 2420 ecclesie
843 2392 893 2421 ac
925 2379 1060 2420 totius
1091 2378 1234 2432 gregis
1256 2378 1466 2431 fidelium,
1501 2379 1743 2421 divinitatis
1768 2393 1816 2421 ac
1840 2381 1990 2422 ortho-

204 2451 315 2492 doxe
346 2449 451 2492 fidei
484 2450 651 2492 cultum
675 2450 721 2492 in
744 2450 911 2492 virtute
937 2450 1158 2502 altissimi,
1193 2449 1269 2503 qui
1295 2449 1514 2492 indirecta
1537 2451 1684 2504 dirigit
1706 2453 1749 2492 et
1772 2452 1990 2493 convertit

204 2534 362 2576 aspera
402 2521 450 2562 in
486 2521 581 2563 vias
620 2522 777 2576 planas
816 2523 860 2563 et
900 2520 946 2563 in
985 2534 1120 2575 quam
1164 2523 1341 2563 nostros
1378 2521 1642 2574 jactavimus
1682 2522 1900 2574 cogitatus
1942 2522 1987 2563 in

203 2592 444 2634 anchoram
476 2593 628 2634 nostre
651 2591 761 2646 spei,
793 2594 1013 2647 prefatam
1035 2593 1285 2635 Romanam
1317 2593 1475 2634 urbem
1508 2593 1798 2646 declaramus,
1832 2593 1990 2635 indici-

174 2702 175 2705 ,
203 2676 303 2704 mus
337 2664 470 2717 atque
503 2663 800 2716 decernimus,
834 2663 1113 2717 assignamus
1146 2677 1195 2706 ac
1219 2664 1455 2706 statuimus
1476 2677 1557 2718 per
1579 2665 1812 2718 presentes
1836 2665 1991 2705 exhor-

133 2737 188 2779 35
203 2735 351 2775 tantes
394 2747 445 2776 ac
490 2733 624 2775 etiam
666 2735 944 2788 requirentes
983 2737 1029 2777 et
1072 2734 1324 2788 presertim,
1373 2734 1450 2789 qui
1492 2737 1701 2777 tenentur
1743 2736 1798 2776 ad
1838 2735 1991 2777 huius-

204 2805 324 2847 modi
355 2804 507 2847 venire
540 2804 791 2859 concilium,
833 2805 988 2848 fideles
1026 2805 1295 2858 huiusmodi,
1335 2807 1468 2848 etiam
1507 2805 1553 2848 in
1585 2805 1816 2860 quibusvis
1849 2805 1990 2859 digni-

205 2875 374 2918 tatibus
422 2875 726 2930 spiritualibus
773 2878 817 2919 et
858 2876 1181 2932 temporalibus
1228 2879 1317 2919 tam
1360 2877 1581 2931 regalibus
1628 2886 1763 2930 quam
1809 2875 1988 2929 pontifi-

205 2946 376 2989 calibus
424 2946 689 2990 constitutos
737 2961 787 2990 ac
833 2947 944 3002 ipsis
991 2947 1038 2990 in
1084 2948 1345 2991 remissione
1386 2947 1691 3002 peccaminum
1733 2948 1989 3000 suadentes,

206 3017 395 3059 subditis
421 3031 599 3072 quoque
621 3018 828 3060 videlicet
858 3019 1138 3073 patriarchis,
1172 3018 1532 3072 archiepiscopis,
1561 3017 1797 3072 episcopis,
1822 3017 1990 3070 electis,

134 3093 192 3136 40
209 3088 463 3141 abbatibus,
511 3089 716 3144 capitulis
763 3091 808 3131 et
850 3090 1147 3132 conventibus
1195 3090 1484 3132 ecclesiarum
1533 3091 1575 3132 et
1622 3088 1992 3131 monasteriorum

280 3168 306 3197 F
313 3169 418 3205 inke
436 3170 521 3198 Acta
540 3169 676 3198 concilii
695 3169 974 3199 constanciensis.
1005 3171 1030 3199 l.
1678 3161 1704 3202 9
