2216 3432
421 159 462 197 E.
505 159 710 206 sigismund
736 165 808 199 und
834 166 894 201 der
917 169 1129 214 griechische
1153 175 1276 211 Kaiser
1300 178 1447 217 Manuel.
1496 183 1555 221 Nr.
1584 186 1658 230 112,
1685 189 1759 226 113.
1875 180 1956 226 399

217 266 264 309 et
284 266 462 310 valeant
484 269 635 312 omnia
666 272 709 313 et
741 271 910 327 singula
940 277 1169 322 nobiscum
1200 284 1402 339 tractare,
1435 289 1658 345 deducere,
1690 297 1954 347 concludere,

217 336 410 380 diffinire
442 351 493 381 ac
523 339 614 382 fine
646 341 793 386 debito
826 346 1074 399 terminare,
1106 352 1286 396 tractata
1317 370 1490 412 quoque
1513 361 1709 417 deducta,
1742 369 1953 422 conclusa,

217 408 408 452 diffinita
440 411 485 453 et
518 412 812 458 determinata
843 420 1121 474 munimine¹³)
1156 425 1371 479 roborare,
1412 432 1527 472 omni
1560 433 1723 475 roboris
1755 437 1953 480 tirmitate

214 480 382 523 vallare
421 482 686 526 inconcusse
731 486 954 531 duratura.
1017 492 1222 547 Alioquin
1260 498 1312 538 ad
1345 499 1425 540 hoc
1456 503 1702 545 mandatum
1740 507 1953 551 sufficiens

175 550 260 594 5et
295 552 476 606 plenam
522 557 788 609 potestatem
834 573 918 601 non
966 562 1173 606 habentes
1218 567 1436 611 incassum
1481 574 1626 625 procul
1673 575 1800 616 dubio
1839 578 1955 619 labo-

214 625 377 676 rarent,
410 627 469 678 et,
502 628 552 668 ut
583 628 869 682 prediximus,
907 631 951 673 in
984 635 1222 689 autumpno
1255 640 1450 691 proximo
1481 642 1523 683 in
1558 646 1701 696 partes
1733 645 1956 689 Alamanie

214 706 297 736 nos
335 696 627 740 conferemus.
690 700 877 754 Expedit
914 703 1055 758 igitur,
1098 708 1146 747 ut
1182 709 1322 750 nuntii
1360 712 1491 752 vestri
1524 715 1709 766 expediti
1739 715 1782 756 in
1815 716 1956 760 futura

216 767 369 820 estate,
408 781 488 822 per
521 781 655 823 quam
686 770 803 814 inter
836 774 995 816 limites
1030 777 1147 830 regni
1186 780 1323 820 nostri
1356 781 1570 835 Hungarie
1610 786 1957 839 demorabuntur,

215 838 272 881 ad
310 852 390 881 nos
427 841 697 896 pertingant.
767 844 853 886 Sed
892 859 971 888 nec
1011 848 1193 890 miretur
1233 853 1374 892 vestre
1413 854 1657 896 serenitatis
1702 857 1956 910 magnitudo,

145 908 201 950 10
216 911 336 964 quod
370 911 545 965 aliquos
579 914 633 955 de
664 915 912 968 potioribus
945 918 1182 961 baronibus
1220 922 1376 963 nostris
1408 923 1453 964 in
1483 926 1669 966 vestram
1700 927 1956 978 presentiam

213 981 260 1023 in
291 982 383 1023 tam
415 983 565 1026 arduis
598 985 678 1027 hac
710 986 803 1028 vice
836 1001 924 1030 non
957 990 1236 1033 destinamus.
1300 993 1392 1034 Hoc
1424 994 1538 1035 enim
1570 996 1782 1048 persuasit
1814 998 1957 1039 localis

214 1055 385 1096 remota
423 1055 638 1098 distantia
675 1059 718 1099 et
750 1059 915 1113 negotii
948 1061 1133 1114 qualitas
1166 1064 1459 1105 accelerando.
1521 1065 1628 1106 Nam
1661 1069 1702 1107 et
1735 1080 1958 1120 quoscum-

214 1137 302 1178 que
335 1125 525 1168 maiores
564 1127 901 1183 destinaremus,
941 1145 1027 1172 non
1062 1132 1160 1184 alia,
1192 1133 1276 1174 nisi
1308 1147 1391 1187 que
1423 1135 1476 1176 ab
1509 1149 1581 1176 ore
1612 1138 1758 1177 nostro
1790 1138 1957 1189 eruditi,

212 1194 328 1238 ferre
370 1200 556 1251 possent
598 1201 642 1241 et
684 1200 849 1242 referre
891 1202 1163 1244 documenta.
1227 1204 1311 1246 Sed
1350 1208 1470 1247 tanta
1509 1206 1594 1247 iam
1630 1207 1741 1248 bone
1782 1206 1882 1248 fidei
1919 1211 1960 1249 et

145 1264 198 1307 15
214 1267 464 1311 devotionis
502 1270 690 1323 probate
729 1272 846 1326 viget
882 1273 927 1314 in
973 1274 1106 1316 nobili
1143 1275 1235 1316 viro
1275 1276 1401 1317 Petro
1442 1277 1494 1317 de
1533 1274 1767 1331 Choluekb)
1807 1278 1958 1319 dilecto

212 1338 422 1381 familiari
464 1342 508 1382 et
548 1340 670 1383 fideli
718 1345 885 1396 nostro,
934 1345 1009 1398 qui
1055 1348 1157 1398 post
1200 1359 1347 1386 casum
1393 1345 1539 1387 fortior
1580 1347 1821 1398 resurrexit,
1861 1361 1960 1390 con-

213 1411 442 1466 stantia,1)
482 1413 603 1466 quod
643 1414 791 1468 ipsum
829 1415 915 1456 iam
948 1429 973 1457 a
1003 1415 1215 1458 fructibus
1248 1419 1551 1469 cognoscentes
1583 1429 1808 1470 personam
1840 1430 1959 1459 suam

214 1481 502 1524 domesticam
542 1480 708 1526 nostris
750 1487 943 1528 servitiis
986 1486 1175 1528 libenter
1215 1486 1466 1528 admisimus
1498 1490 1540 1528 et
1571 1500 1646 1528 sue
1678 1487 1959 1541 circumspec-

211 1552 345 1595 tionis
386 1554 583 1597 consiliis
621 1555 890 1599 fiducialiter
930 1557 1181 1599 inheremus
1214 1559 1257 1598 et
1288 1558 1518 1609 interdurn,
1551 1570 1633 1610 que
1665 1557 1783 1598 cordi
1814 1560 1958 1598 nostro

142 1623 420 1677 QOinsident,
469 1639 550 1668 suo
593 1629 785 1682 gerenda
835 1628 1078 1670 ministerio
1119 1617 1377 1670 fiducialiter
1414 1627 1695 1681 impartimur,
1744 1628 1868 1680 eique
1915 1626 1958 1669 in

210 1694 312 1748 illis,
355 1709 443 1750 que
482 1697 538 1739 ad
581 1699 873 1741 obtinendum
913 1699 1186 1754 propositum
1223 1699 1475 1741 intentionis
1514 1700 1658 1739 nostre
1700 1698 1955 1749 tractaverit,

210 1767 447 1820 presertim
493 1771 542 1810 ut
581 1770 684 1811 vota
722 1772 873 1812 nostra
910 1771 1107 1824 optatum
1150 1769 1384 1811 efficaciter
1416 1769 1602 1810 sentiant
1634 1769 1684 1809 de
1716 1767 1956 1821 promiscua

210 1840 361 1880 vestra
386 1840 721 1893 ‘cooperatione
760 1841 1020 1894 profectum,
1068 1840 1275 1882 adhibere
1315 1841 1483 1893 placeat
1531 1838 1745 1880 credentie
1787 1838 1954 1890 plenam

210 1909 358 1952 fidem.
422 1910 612 1963 Expedit
655 1913 816 1962 autem,
859 1914 910 1954 ut.
949 1911 1156 1965 quitquid
1197 1911 1240 1951 in
1272 1910 1492 1964 premissis
1530 1905 1673 1950 vestra
1714 1907 1955 1949 fraternitas

139 1978 410 2022 25acturam
451 1994 499 2022 se
541 1981 867 2035 deliberaverit,
916 1983 1044 2024 nobis
1084 1995 1183 2023 cum
1222 1981 1353 2032 omni,
1398 1992 1483 2033 qua
1525 1977 1695 2032 poterit,
1744 1976 1955 2018 celeritate

210 2063 292 2105 per
323 2052 538 2105 speciales
572 2052 752 2095 nuntios
784 2052 1052 2107 significetis.

209 2228 304 2272 113.
344 2227 482 2284 Ko'm'q
517 2228 763 2285 Siqismzmd
793 2243 848 2269 cm
878 2227 1030 2270 Kaisar
1062 2228 1229 2269 Manuel
1257 2226 1441 2268 herichtec
1469 2224 1565 2265 iiber
1589 2224 1651 2264 die
1676 2221 1952 2300 SsslcildCMtle,

210 2299 276 2341 die
317 2302 405 2341 sein
437 2299 668 2343 Gesandter
703 2299 910 2341 Jolzannes
945 2298 1212 2355 Chrysoloras
1252 2312 1326 2338 von
1366 2297 1436 2337 der
1467 2296 1674 2349 trazm'qen
1707 2291 1820 2346 Laqe
1849 2290 1955 2331 Aon-

209 2372 476 2427 stantinopels
506 2371 696 2427 yemacht
722 2370 840 2421 habe,
874 2370 986 2412 theilt
1006 2370 1092 2411 ilem
1113 2370 1176 2410 die
1199 2368 1413 2421 Berufunfs
1435 2366 1502 2407 des
1525 2363 1773 2404 Konstanzer
1793 2360 1955 2401 Konzils

139 2447 197 2489 30
208 2443 285 2483 mit
313 2442 401 2483 und
420 2443 590 2497 sbw'dert
618 2442 689 2483 ism
721 2442 809 2497 auf,
843 2442 918 2483 den
939 2441 1102 2482 Jolzann
1133 2440 1225 2481 oder
1258 2438 1404 2479 andere
1432 2434 1630 2478 Gesandte
1659 2448 1708 2473 zu
1738 2430 1955 2473 demselben

720 2527 773 2553 zu
803 2511 1003 2555 sckiclcen.
1066 2509 1196 2565 (1414
1231 2507 1455 2561 Sommer?)

280 2606 312 2640 B
337 2618 401 2641 aus
431 2604 514 2642 God.
538 2605 723 2640 Palatinus
751 2605 818 2640 701
834 2605 906 2651 fol.
930 2604 1002 2639 265
1015 2617 1045 2639 v.
1072 2615 1100 2638 8.

329 2700 640 2755 Sigismundus
686 2701 768 2742 etc.
821 2697 1102 2741 serenissimo
1151 2694 1338 2751 principi
1388 2690 1571 2735 Manueli
1621 2690 1770 2732 eadem
1818 2684 1951 2740 gratia

209 2772 467 2828 imperatori
489 2772 772 2821 Romeorum‚
795 2769 920 2812 fratri
942 2770 1091 2811 nostro
1113 2765 1348 2817 carissimo,
1371 2763 1553 2805 salutem
1575 2760 1619 2801 in
1640 2772 1740 2837 uero
1762 2757 1949 2798 salutari.

139 2849 195 2892 35
211 2846 344 2888 Grato
376 2842 522 2885 animo
554 2842 599 2883 et
629 2852 730 2882 cum
759 2839 1027 2882 iocunditate
1059 2837 1330 2891 suscepimus
1359 2846 1422 2885 ea,
1454 2845 1538 2886 que
1560 2829 1715 2871 noblhs
1735 2826 1949 2868 Johannes

327 2997 358 3031 a)
378 2995 438 3023 Die
457 2994 629 3029 Aufideunq
646 2991 689 3020 iet
706 2990 795 3019 nicht
811 2997 896 3026 ganz
914 2989 1027 3018 sicher.
1099 2987 1131 3022 b)
1153 2987 1194 3015 So
1214 2982 1481 3013 wahrecheinlich.

332 3057 360 3109 ¹)
396 3053 541 3100 Worauf
560 3052 637 3087 hier
661 3050 859 3098 anqeepielt
882 3049 981 3094 wird,
1005 3058 1148 3094 vermay
1172 3045 1229 3080 ich
1253 3043 1350 3078 nicht
1371 3038 1578 3087 anzuyeben.
