2216 3432
385 187 422 226 G.
448 188 646 232 Malatesta,
672 189 808 235 Gregor
831 190 915 227 XII.
939 191 1013 225 und
1039 190 1215 225 Benedikt
1239 189 1340 224 XIII.
1370 190 1616 225 1410—1413.
1643 189 1703 225 Nr.
1733 190 1787 223 14.
1934 177 1989 219 73

206 296 348 339 multo
387 296 628 339 vobiscum.
690 297 815 339 Mens
857 298 977 339 recta
1019 297 1200 351 quidem
1242 297 1410 339 bonum
1453 295 1537 337 sibi
1570 295 1716 349 eligit,
1749 295 1868 337 unde
1902 308 1991 350 non

207 368 303 421 eget
345 367 725 422 persuasionibus,
775 382 862 423 que
906 368 1164 411 viderentur
1210 369 1353 410 adhuc
1401 367 1540 420 magis
1585 366 1825 421 inportune
1858 379 1993 419 quam

208 438 515 493 expedientes,
563 439 599 481 si
646 441 946 494 presentande
995 439 1220 495 respectui
1260 440 1406 481 vestro
1455 438 1798 480 recenserentur
1829 437 1991 478 iterum

208 513 284 552 aut
323 511 472 553 verbis
521 511 725 564 iisdema)
774 514 850 554 aut
893 511 1156 564 sentenciis,
1205 511 1368 565 quibus
1417 523 1680 564 persuasum
1722 509 1804 551 fuit
1851 508 1991 561 alteri,

167 581 421 636 5quoniam
467 584 512 625 et
554 583 591 624 si
630 584 945 637 persuasiones
988 582 1100 625 fiant
1140 583 1335 634 diverse,
1384 582 1502 624 racio
1550 581 1707 622 similis
1755 592 1993 633 persuaso-

209 666 307 694 rum
359 653 464 696 facit
515 654 827 707 persuasiones
881 655 1061 696 easdem
1112 667 1210 695 esse
1262 666 1473 695 comunes
1526 653 1744 707 pluribus.
1828 652 1992 693 Verum

209 724 427 766 reiterabo
474 725 555 767 hec
593 727 768 767 tantum
803 726 949 774 verbis
989 725 1279 780 simplicibus.
1345 725 1613 767 Differencia
1645 725 1710 765 est
1733 723 1826 765 visa
1860 721 1993 763 michi

208 796 327 838 inter
359 796 501 839 dictos
525 797 887 849 Ferdenandurn,
922 798 1122 839 Garsiam
1157 799 1200 839 et
1233 810 1321 848 me,
1352 796 1458 850 quia
1489 796 1722 850 optabam,
1756 794 1876 848 quod
1908 792 1992 845 vie,

210 880 322 921 quas
355 868 561 909 dominus
595 868 835 921 Gregorius
868 870 1168 922 proponebat,
1211 865 1600 922 temptarenturb),
1641 868 1883 919 antequam
1917 865 1994 906 do-

142 939 318 988 10111101
358 938 444 992 ipsi
485 940 795 990 convenirent,
840 941 1051 994 quoniam
1099 940 1436 982 considerabam
1485 940 1674 980 alterum
1721 938 1775 978 de
1818 937 1993 978 duobus

211 1012 489 1062 eventurum,
514 1011 720 1054 videlicet
752 1015 923 1054 certum
955 1012 1090 1054 istum
1123 1012 1215 1053 fore
1246 1010 1507 1052 sortiturum
1540 1009 1746 1051 effectum
1778 1010 1854 1050 aut
1886 1020 1994 1059 non;

211 1081 247 1122 si
280 1081 355 1134 sic,
389 1095 478 1123 non
510 1083 776 1136 expediebat
809 1084 963 1125 ambos
997 1084 1148 1125 subire
1182 1083 1292 1125 duos
1326 1082 1500 1124 labores
1527 1082 1728 1135 duasque
1762 1092 1994 1133 expensas,

211 1153 422 1206 quoniam
454 1153 525 1195 vie
558 1154 652 1204 ille,
691 1168 802 1209 quas
836 1154 1043 1197 dominus
1078 1154 1315 1208 Gregorius
1358 1154 1641 1208 proponebat
1676 1152 1855 1194 domino
1887 1163 1996 1204 ope-

211 1226 339 1265 rante
387 1226 591 1277 poterant
639 1225 882 1267 terminare
925 1227 1086 1268 scisma
1135 1228 1178 1268 et
1219 1226 1484 1268 concludere
1533 1225 1766 1276 unionem3
1815 1223 1851 1264 si
1891 1235 1995 1273 non,

143 1305 195 1345 15
211 1308 467 1349 nequaqum
498 1297 737 1339 tollebatur
771 1299 953 1351 propter
984 1299 1080 1349 hoe,
1117 1299 1236 1352 quod
1270 1311 1360 1339 non
1392 1298 1577 1350 possent
1610 1295 1859 1338 convenire.
1924 1294 1998 1335 In-

209 1366 341 1408 terim
372 1368 592 1421 petebam,
630 1369 750 1422 quod
786 1371 1054 1411 tractaretur
1088 1370 1142 1411 de
1174 1369 1315 1411 modis
1349 1368 1474 1422 equis
1518 1370 1563 1410 et
1596 1366 1865 1419 racionibus,
1899 1365 1997 1418 qui-

210 1438 294 1479 bus
326 1441 511 1491 possent
543 1440 707 1493 pariter
740 1440 996 1494 convenire3
1042 1441 1330 1494 racionesque
1363 1441 1681 1494 ingerebantur
1715 1437 1854 1480 menti
1886 1450 1998 1486 mee,

211 1511 393 1563 propter
425 1523 534 1564 quas
566 1510 794 1563 intuebar,
832 1525 978 1565 ymmo
1010 1512 1154 1554 victus
1197 1511 1374 1554 racione
1424 1511 1724 1565 compellebar
1773 1508 1898 1563 quasi
1932 1507 1998 1549 di-

182 1615 187 1618 .
213 1582 331 1621 recte
356 1580 488 1636 hoe.⁰>
534 1581 622 1623 Iste
646 1584 770 1624 sunt:
804 1583 967 1635 Prima,
991 1583 1095 1636 quia
1119 1597 1207 1625 non
1229 1583 1434 1625 videbam
1468 1583 1630 1624 scisma
1660 1580 1756 1623 tolli
1779 1593 1858 1634 per
1882 1579 1998 1621 viam

144 1659 199 1701 20
216 1651 382 1692 domini
421 1651 653 1694 Benedicti
701 1666 783 1694 nec
830 1655 1190 1707 perpendebam,
1239 1655 1359 1708 quod
1406 1667 1495 1696 non
1544 1650 1771 1706 expediret
1817 1651 1999 1692 tandem

214 1722 439 1775 perveniri
487 1724 543 1765 ad
582 1725 736 1766 modos
778 1726 1031 1779 propositos
1071 1739 1150 1780 per
1183 1726 1412 1768 dominum
1453 1724 1735 1778 Gregorium.
1789 1721 1999 1776 quoniam

213 1794 283 1836 vel
316 1795 446 1836 ambo
480 1795 796 1838 renunciarent
835 1798 878 1838 et
911 1797 973 1838 sic
1014 1811 1130 1839 unus
1163 1798 1341 1852 poterat
1375 1796 1489 1849 fieri,
1531 1796 1606 1849 qui
1641 1796 1760 1837 esset
1793 1794 2000 1846 receptus

215 1866 269 1907 ab
303 1866 565 1908 obediencia
603 1867 772 1909 domini
813 1868 1011 1922 Gregorii
1051 1871 1095 1910 et
1142 1868 1248 1910 dicti
1283 1868 1447 1910 domini
1480 1867 1711 1909 Benedicti
1752 1868 1795 1907 et
1833 1879 1886 1906 ex
1917 1865 2000 1906 hoc

215 1936 377 1980 scisma
423 1951 510 1980 non
559 1939 869 1981 eradicabatur
912 1941 980 1982 vel
1035 1954 1124 1982 non
1178 1941 1516 1989 renunciarent,
1568 1940 1635 1980 set
1677 1935 1914 1979 coadunati
1954 1934 2000 1976 in

143 2015 197 2056 25
216 2022 369 2057 unum,
403 2011 646 2064 antequam
670 2012 1001 2062 renunciarent,
1036 2012 1278 2053 invitarent
1302 2011 1425 2061 alios,
1451 2012 1500 2052 ut
1523 2001 1811 2050 cenvenirent
1834 2019 1999 2057 secum,

215 2082 261 2122 et
291 2080 376 2121 hoc
407 2081 477 2122 vel
510 2081 555 2122 in
591 2082 704 2133 loco,
751 2082 826 2123 ubi
860 2085 1182 2134 convenerant,
1215 2083 1285 2124 vel
1318 2081 1445 2133 alibi3
1485 2080 1520 2122 si
1553 2080 1598 2121 in
1632 2081 1747 2128 1000,
1787 2078 1864 2120 ubi
1897 2090 2001 2119 con-

215 2154 443 2204 venerant,
480 2166 570 2194 non
602 2154 814 2206 putabam
848 2167 928 2195 nec
962 2157 1088 2207 puto,
1122 2155 1240 2208 quod
1276 2153 1350 2195 alii
1383 2153 1673 2203 assentirent3
1718 2150 1754 2192 si
1787 2150 1834 2192 in
1866 2147 2001 2190 tercio

214 2223 284 2265 vel
324 2236 425 2265 cum
463 2223 606 2266 modis
650 2225 892 2278 propositis
930 2239 1010 2279 per
1050 2225 1280 2267 dominum
1320 2224 1581 2278 Gregorium
1628 2222 1698 2264 vel
1747 2234 1848 2263 cum
1881 2219 2001 2270 aliis3
2066 2221 2077 2230 ’

151 2323 154 2326 «
215 2293 252 2335 si
275 2307 376 2336 cum
398 2295 509 2347 illis;
543 2309 643 2338 ecce
676 2297 798 2350 quod
831 2298 899 2338 est
932 2297 1123 2349 dictum3
1158 2297 1195 2338 si
1228 2309 1329 2338 cum
1362 2294 1598 2349 equibonis
1631 2294 1699 2336 vel
1729 2292 2002 2340 melioribus,

145 2371 200 2413 30
216 2378 318 2408 ecce
352 2366 472 2420 quod
506 2366 814 2421 discrepancia
846 2381 935 2410 non
968 2370 1035 2410 est
1067 2369 1122 2411 ab
1155 2369 1331 2410 intentu
1365 2366 1532 2409 domini
1568 2364 1766 2419 Gregorii
1800 2366 1843 2406 et
1876 2377 1901 2404 a
1933 2375 2004 2402 ra-

215 2436 417 2479 cionibus
450 2438 581 2490 meis,
619 2439 808 2491 scilicet,
852 2440 972 2493 quod
1003 2439 1074 2482 via
1112 2440 1219 2489 dicti
1254 2438 1422 2481 domini
1454 2437 1681 2480 Benedicti
1731 2434 2003 2489 exposcebat

214 2509 396 2550 tandem
429 2509 753 2551 conclusionem
779 2511 946 2552 domini
964 2510 1159 2565 Gregorii
1192 2511 1354 2566 prefati
1388 2511 1431 2551 et
1465 2512 1559 2551 erat
1592 2509 1746 2562 previa
1778 2508 1835 2548 ad
1867 2506 2001 2547 illam.

217 2580 374 2633 Itaque
406 2580 742 2624 considerabam
775 2582 900 2635 queri
933 2581 1100 2625 frustra
1130 2582 1227 2624 fieri
1259 2595 1341 2635 per
1374 2582 1526 2634 plura,
1568 2580 1689 2634 quod
1732 2579 1879 2633 potest
1909 2575 2004 2617 fieri

216 2664 298 2705 per
329 2651 555 2704 pauciora.
606 2653 813 2695 Ceterum
847 2653 1106 2696 dubitabam
1139 2667 1229 2695 non
1261 2665 1435 2706 parum,
1460 2652 1579 2705 quod
1611 2651 1731 2693 color
1764 2648 2003 2702 augeretur

146 2726 201 2768 35
218 2722 452 2775 calumnie,
486 2736 575 2776 qua
607 2723 814 2766 dixerunt
846 2737 872 2766 a
892 2725 1126 2779 principio
1159 2725 1281 2779 ipsos
1315 2737 1413 2766 esse
1438 2722 1680 2765 concordes
1714 2722 1757 2763 et
1782 2719 2003 2762 colludere

217 2792 400 2835 insimul
437 2795 494 2836 ad
533 2794 862 2848 impediendam
903 2796 1133 2848 unionem,
1179 2795 1215 2837 si
1249 2796 1378 2838 ambo
1412 2793 1723 2845 convenirent,
1765 2793 2004 2844 antequam

218 2864 462 2907 invitarent
508 2866 796 2908 adversantes
843 2866 921 2908 eis.
1001 2868 1056 2909 Et
1096 2866 1336 2921 presertim
1383 2866 1571 2919 cogebar
1617 2861 1860 2918 ymaginari
1906 2862 2003 2908 hoc,

221 2935 326 2990 quia
356 2936 479 2979 nulla
501 2937 701 2991 poteram
732 2937 962 2993 percipere
994 2938 1186 2984 racione,
1219 2937 1342 2992 ipsos
1373 2950 1506 2991 posse
1539 2934 1776 2977 convenire
1810 2932 2003 2983 insimul,

221 3009 461 3061 antequam
509 3008 574 3050 illi
622 3010 868 3052 sensissent
921 3010 974 3052 de
1026 3010 1158 3052 modo
1211 3007 1506 3063 congregandi
1560 3005 1799 3049 concilium
1861 3016 2003 3045 suum.

145 3103 208 3150 40
341 3101 372 3134 8)
393 3101 554 3132 chiisdem
573 3103 610 3131 Β.
684 3102 717 3138 b)
737 3103 776 3131 So
797 3102 976 3140 korriqiert
996 3111 1050 3131 am
1069 3103 1185 3131 Ranae
1204 3110 1267 3130 von
1285 3101 1519 3139 qleichzeitiqer
1539 3100 1647 3130 Hand.
1721 3099 1750 3135 c)
1772 3097 1816 3125 Ob
1837 3096 1924 3127 hac?
