2216 3432
474 173 516 209 D,
559 172 776 218 sigismund‚
801 174 1026 218 Frankreich,
1052 177 1210 223 England
1237 180 1307 213 und
1335 181 1395 214 das
1422 182 1557 216 Konzil.
1601 185 1648 218 Νι·
1686 185 1760 221 103.
1913 177 1995 219 375

250 282 343 325 Deo
375 281 567 334 favente,
600 281 757 335 procul
791 281 921 324 dubio
955 284 1203 326 curabimus
1236 286 1459 340 interesse,
1496 303 1575 343 per
1610 292 1828 346 principes
1869 294 1994 335 ellec-

250 356 372 397 tores
385 352 422 410 ¹)
454 366 505 394 ac
537 353 710 394 ceteros
744 356 967 407 magnates
997 354 1150 397 fideles
1182 360 1354 400 nostros
1385 373 1605 413 regressus
1637 363 1782 403 noster
1804 363 1846 403 in
1870 364 1994 406 Lom-

249 424 453 468 bardiam
488 425 568 466 hac
596 424 690 466 vice
715 426 816 466 ante
845 425 1075 467 concilium
1108 426 1187 469 fuit
1220 429 1456 471 dissuasus.
1509 431 1562 472 Et
1585 433 1686 485 quia
1707 446 1779 473 cor
1802 435 1995 475 nostrum

250 496 297 539 in
328 508 461 538 manu
495 495 575 538 Dei
615 496 680 537 est
721 496 764 537 et
801 509 1063 550 quocunque
1096 498 1279 540 voluerit
1309 501 1441 541 vertit
1472 501 1590 553 illud,
1623 502 1666 542 in
1699 503 1825 544 liuius
1857 503 1922 544 vie
1954 505 1996 545 et

208 568 526 612 5alterationis
572 567 782 609 varietate
830 567 1027 610 distracti
1070 582 1157 610 non
1195 571 1418 623 putamus,
1467 571 1587 612 sicud
1630 573 1795 624 accidit,
1835 587 1912 614 nos
1952 574 1997 614 in

247 639 346 682 istis
378 639 582 694 partibus
626 652 767 693 usque
810 640 865 681 ad
901 641 1075 694 tempus
1113 641 1283 682 concilii
1326 654 1557 696 repausare
1600 656 1739 696 neque
1783 657 1856 685 vos
1897 645 1996 685 hac-

247 704 378 754 tenus
411 710 652 765 superinde
684 710 930 752 certiorare.
994 711 1310 753 Affectawmus
1342 712 1500 765 itaque,
1533 714 1892 766 quemadmodum
1922 727 1998 767 per

248 782 517 838 prelibatum
558 782 876 836 Hartanguma)
921 783 1102 824 militem
1143 783 1408 835 nuntiarum,
1455 796 1533 837 pro
1578 785 1765 837 generali
1799 784 1856 825 rei
1889 785 1997 837 pub-

249 856 331 898 lice
384 854 685 897 ecclesiastice
733 854 938 895 videlicet
990 856 1032 895 et
1074 854 1280 895 secularis
1324 854 1604 905 incremento,
1657 856 1704 895 ut
1744 855 1786 895 in
1833 854 1998 895 unitate

180 929 234 971 10
248 927 454 970 votorum
490 929 532 968 et
566 925 754 968 amicitie
787 925 1007 968 soliditate
1040 925 1421 967 corroboraremur
1453 927 1494 967 et
1526 926 1587 966 sic
1619 926 1735 966 esset
1765 938 1837 966 cor
1866 938 1998 966 unum

249 999 294 1040 et
334 998 482 1040 anima
524 1007 614 1040 una
646 1000 689 1039 et
722 996 1004 1040 conformitas
1038 997 1295 1038 alterutrum
1327 996 1546 1037 actionum
1576 996 1619 1036 in
1652 996 1776 1038 nobis
1807 997 1849 1037 et
1879 995 1998 1036 vobis

246 1069 408 1125 iugiter
440 1070 744 1123 conregnaret.
809 1069 864 1110 Et
897 1069 951 1110 ad
983 1069 1066 1110 hoc
1098 1068 1366 1109 voluntatem
1399 1070 1592 1108 nostram
1615 1079 1786 1120 semper
1807 1067 1998 1119 paratam

246 1142 499 1184 invenietis.
564 1141 620 1182 Et
672 1140 857 1194 insuper
903 1139 1031 1182 etiam
1080 1140 1132 1181 de
1179 1140 1306 1181 modo
1353 1137 1615 1191 disponendi
1659 1139 1702 1178 et
1748 1135 1999 1190 providendi

248 1227 386 1268 super
418 1214 536 1255 bono
570 1215 688 1255 statu
722 1212 905 1253 fratrum
939 1212 1197 1261 vestrorum,
1230 1210 1417 1263 qualiter
1447 1209 1654 1250 iudicium
1681 1209 1796 1249 recte
1824 1206 1999 1248 rationis

181 1287 233 1330 15
247 1285 376 1328 bonis
418 1284 696 1338 respectibus
736 1283 980 1335 dictaverit,
1013 1296 1092 1337 per
1126 1282 1313 1323 eundem
1354 1281 1533 1322 militem
1577 1277 1820 1321 celsitudini
1859 1279 1999 1318 vestre

248 1356 586 1399 insinuavimus.

369 1429 456 1471 Pro
506 1427 700 1470 uberiori
748 1426 941 1480 denique
993 1425 1260 1467 avisamento
1309 1425 1352 1464 et
1402 1421 1640 1463 directione
1688 1416 1998 1473 expedientiori

248 1514 397 1543 rerum
430 1500 477 1542 in
509 1499 659 1542 futuro
693 1497 876 1540 concilio
909 1495 1237 1539 Constantiensi
1269 1495 1554 1548 gerendarum
1586 1491 1891 1533 arbitraremur
1913 1488 2000 1529 sore

249 1572 520 1616 conveniens
552 1584 699 1625 ymmo
734 1571 778 1611 et
810 1570 1090 1623 oportunum,
1124 1568 1172 1608 ut
1203 1568 1244 1608 et
1274 1564 1474 1607 nonnulli
1502 1577 1552 1605 ex
1581 1561 1758 1615 egregiis
1788 1557 1998 1611 theologie

176 1647 233 1689 20
248 1645 292 1686 et
330 1643 440 1685 iuris
474 1643 708 1696 utriusque
742 1641 994 1683 doctoribus
1026 1653 1074 1681 ac
1107 1637 1262 1679 ceteris
1294 1635 1445 1690 peritis
1479 1636 1521 1676 et
1552 1632 1743 1687 probatis
1774 1630 1876 1672 viris
1909 1628 2000 1669 uni-

212 1715 509 1758 -versitatum
548 1714 801 1756 studiorum
834 1713 887 1754 de
921 1725 1052 1765 regno
1094 1712 1234 1752 vestro
1272 1709 1373 1750 ante
1405 1707 1473 1747 vel
1505 1705 1655 1746 saltem
1686 1703 1740 1744 ad
1772 1699 1999 1742 concilium

0 1833 6 1852 ξ
247 1786 499 1841 predictum
544 1787 600 1828 ad
632 1798 712 1828 nos
746 1797 845 1826 cum
881 1783 1039 1826 vestris
1072 1778 1441 1823 ambaxiatoribus
1473 1789 1520 1817 ac
1553 1773 1729 1829 prelatis
1762 1770 1998 1822 ceterisque

0 1853 5 1889 ἶ
248 1858 351 1901 viris
415 1856 723 1900 ecclesiasticis
782 1856 934 1911 presto
996 1851 1252 1895 advenirent
1311 1851 1352 1890 et
1410 1847 1635 1889 nobiscum
1688 1845 1786 1884 aute
1831 1840 1998 1881 initium

0 1908 11 1984 l
247 1929 425 1972 concilii
470 1942 605 1983 super
651 1927 806 1971 ordine
858 1925 1133 1980 negotiorum
1179 1923 1225 1963 in
1272 1919 1450 1963 consilio
1495 1915 1580 1958 tam
1630 1915 1673 1955 in
1719 1910 1998 1966 proponendo

9 2030 11 2034 Δ
176 2002 293 2046 25et
335 2001 608 2044 consulendo
653 2012 787 2053 quam
828 1998 873 2039 in
920 1995 1175 2039 diffiniendo
1217 1995 1259 2034 et
1308 1989 1560 2043 exequendo
1602 1982 1998 2040 prosequendorum

20 2092 35 2119 s

0 2251 6 2288 l

0 1479 5 1574 Λμμ-...ψ-
0 1098 10 1467 v-.--ae-=·--=·wvvvae·=·¹·r-zq„vs*⁴
0 1077 2 1088 Α,
0 1061 5 1068 ,
0 1047 3 1049 ,
0 1009 10 1025 ,Α
4 922 7 928 x

248 2073 501 2116 conferrent
534 2074 577 2114 et
607 2070 808 2113 unanimi
842 2069 1069 2111 nobiscum
1098 2064 1229 2108 vestri
1253 2063 1375 2117 parte
1399 2060 1564 2113 digesto
1587 2054 1767 2097 concilio
1790 2051 1999 2106 parilique

247 2145 351 2187 voto
404 2157 538 2198 super
590 2142 774 2198 agendis
825 2142 872 2183 in
924 2153 1056 2181 unam
1108 2134 1369 2178 sententiam
1415 2126 1715 2172 concordando
1773 2121 1998 2198 salubriter

248 2215 572 2270 provideretur.
585 2214 622 2271 2)
684 2214 733 2255 In
767 2226 855 2267 quo
888 2211 1064 2266 quidem
1098 2206 1278 2250 concilio
1311 2215 1460 2245 revera
1483 2196 1776 2258 sanctissimus
1800 2194 1998 2234 dominus

0 2327 2 2339 ἶ
249 2289 402 2330 noster
434 2287 660 2329 Johannes
699 2297 817 2340 papa
855 2281 1086 2325 vicesimus
1128 2277 1296 2327 tertius,
1329 2276 1376 2315 ut
1407 2271 1541 2313 multa
1571 2266 1821 2320 argumenta
1853 2274 1998 2316 repor-

0 2347 8 2403 i
178 2356 416 2414 30tantb),
478 2358 632 2411 utique
684 2356 887 2398 intererit
940 2355 984 2395 et
1036 2351 1165 2393 etiam
1217 2357 1464 2401 speramus,
1516 2342 1564 2382 ut
1615 2339 1698 2380 duo
1751 2335 1821 2377 alii
1872 2344 2001 2410 super

0 2410 14 2483 ζ’,
250 2430 417 2485 papatu
456 2429 794 2479 contendentes,
834 2424 1036 2468 videlicet
1075 2422 1229 2464 Petrus
1267 2418 1319 2459 de
1353 2416 1488 2464 Luna,
1530 2409 1604 2464 qui
1642 2422 1665 2449 a
1702 2404 1925 2480 nonnullis.
1956 2415 2000 2442 ln

249 2500 575 2543 christianitate
627 2499 895 2541 Benedictus
947 2494 1110 2537 tercius
1170 2489 1362 2533 decimus
1420 2481 1715 2534 nuncupatur⁷
1773 2477 1816 2517 et
1872 2474 1999 2549 etlam

249 2571 450 2627 Angelus
489 2570 715 2623 Corrario,
773 2569 848 2624 qui
891 2567 1023 2609 etiam
1064 2577 1142 2618 per
1182 2559 1415 2603 nonnullos
1456 2550 1733 2596 Christicolas
1773 2547 1998 2597 Gregorius

369 2725 400 2759 a)
422 2724 464 2753 So
486 2726 524 2752 B.
577 2724 612 2759 b)
633 2725 758 2758 Lemmq
776 2722 946 2755 maacham
966 2719 1037 2746 eher
1057 2712 1300 2751 repormittunt.

180 2789 236 2833 35
296 2784 301 2791 “
373 2786 400 2829 ¹)
424 2783 505 2831 Auf
529 2784 607 2819 deuo
631 2783 844 2828 Reielestaye
876 2781 912 2814 in
945 2778 1071 2824 Speier
1102 2785 1219 2808 waren
1249 2782 1324 2805 vom
1355 2760 1694 2816 ijfiirscwzkolleyf'

252 2845 373 2881 Mainz
400 2844 471 2880 und
494 2843 638 2890 Ludwig]
663 2854 732 2877 von
756 2842 820 2876 der
846 2840 950 2886 Psalz
977 2834 1170 2871 auwesend.
1580 2849 1583 2851 >
1668 2877 1674 2883 .
1969 2882 1971 2886 ,

373 2905 400 2950 ⁹)
428 2903 516 2939 Hier
542 2903 590 2938 ist
613 2900 860 2937 ausdric‘clclicle
889 2895 1099 2944 anyeyeben,
1124 2890 1284 2926 woriiber
1309 2887 1382 2922 siclt
1409 2879 1608 2929 Siyismund
1629 2881 1689 2910 mzt
1712 2875 1775 2908 den
1805 2870 1997 2913 leoloytn

250 2976 317 3000 vor
348 2963 549 3011 Erb'ffnuny
580 2962 642 2997 des
668 2960 814 2996 Konzils¹
848 2958 1015 2992 beratlzen
1048 2954 1172 2988 wollte.
1226 2948 1279 2982 Er
1309 2947 1368 2980 leat
1397 2944 1431 2977 in
1461 2938 1639 2974 iilmlichen
1676 2934 1811 2996 ll'ortea
1844 2929 1897 2962 die
1931 2926 1995 2959 Bc-

253 3024 444 3070 tlleiliyuny
481 3023 546 3057 der
582 3020 735 3057 Pariser
777 3016 995 3055 Unz‘versitiit
1027 3008 1237 3062 (Jewzinsclzt,
1275 3005 1359 3039 aber
1395 3001 1460 3035 den
1496 2992 1730 3043 Ilauptzweck
1765 2987 1859 3023 molat
1893 2995 1995 3030 anye-

179 3087 240 3132 40
250 3083 375 3132 ychen·

1696 2770 1746 2793 mn
1776 2755 1909 2790 ιΙοΙιαιιιι
1933 2763 1997 2785 von
