2216 3432
227 166 313 209 274
541 172 603 207 111.
631 152 830 204 Abschnitt.
878 165 1151 212 Vorgesehichte
1177 163 1239 198 des
1264 163 1488 197 Konstanzer
1511 161 1670 198 Konzils.

227 296 327 324 eum
359 281 475 322 facta
496 278 565 320 vel
598 277 725 319 dicta.
787 275 951 327 Aliqua
972 285 1076 314 vero
1110 271 1228 312 dicta
1249 269 1318 311 vel
1342 269 1459 312 facta
1481 267 1726 310 recitantur
1747 264 1988 309 infideliter

227 355 269 394 et
302 350 528 400 diminute,
562 346 786 389 nonnullis
818 357 921 386 vero
954 342 1084 385 dictis
1116 342 1184 383 vel
1224 339 1348 382 factis
1392 339 1632 389 adduntur,
1674 350 1760 391 que
1785 349 1988 380 corrum-

225 424 336 476 punt
359 418 578 462 sententie
602 416 958 466 substaiiciain,“)
987 413 1033 454 in
1055 412 1215 466 quibus
1240 411 1501 452 fundaretur
1524 408 1717 450 intencio
1739 408 1988 451 emulorum

226 494 282 535 ad
313 490 653 546 procedendum,
687 487 722 528 si
755 485 994 540 procedere
1028 479 1276 537 possent.'')

343 562 405 616 [5]
438 561 615 611 Quinta,
641 557 842 599 dominus
866 568 979 609 papa
1003 552 1238 606 Gregorius
1261 552 1343 593 scit
1368 565 1391 593 a
1415 552 1591 606 certo‘),
1616 549 1736 603 quod
1759 544 2028 604 nunquam5

227 633 399 676 collusit
422 644 519 673 cum
543 629 687 670 emulo
711 627 824 668 circa
846 627 959 667 viam
984 624 1194 665 cessionis
1218 625 1293 664 aut
1317 621 1504 676 quodvis
1528 621 1663 673 aliud,
1682 621 1761 662 sed
1783 618 1988 674 fidelisd),

232 705 444 758 quantum
477 701 521 741 in
555 714 600 740 se
634 699 728 745 fuit,
762 697 879 738 illam
895 698 928 751 ⁰)
960 697 1221 749 prosecutus
1255 691 1372 746 est.‘)

349 773 409 827 [G]
444 772 589 821 Sexta,
630 768 832 811 (lominus
865 780 981 820 papa
1014 765 1250 818 Gregorius
1284 764 1364 805 scit
1407 777 1454 805 se
1495 776 1583 805 non
1616 776 1713 804 esse
1746 762 1988 817 periurum,

231 845 307 886 sed
339 855 512 895 semper
544 840 677 881 fuisse
709 840 911 892 paratum
946 839 989 878 et
1022 850 1118 877 esse
1152 836 1207 877 ad
1248 836 1363 876 viam
1407 834 1618 876 cessionis
1653 834 1989 876 condicionibus

227 913 488 968 expressisss)
522 912 564 952 in
598 912 731 953 forma
764 909 999 951 iuramenti
1034 907 1218 949 serratis
1251 905 1335 957 eth)
1361 905 1626 960 adimpletis.
1645 905 1674 957 ¹)
1729 906 1862 947 Istam
1885 918 1989 947 con·
2007 899 2062 941 10

227 985 467 1026 elusionem
514 982 702 1036 probant
740 980 875 1021 eciam
919 979 1064 1029 emuli,
1109 977 1214 1031 quia
1255 977 1298 1018 in
1341 979 1549 1031 protenso
1582 990 1793 1031 processu
1826 976 1989 1019 Pisano

227 1056 428 1109 probant,
461 1053 685 1095 dominum
720 1053 898 1093 Petrum
933 1051 985 1091 de
1022 1050 1143 1091 Luna
1178 1062 1405 1102 nunquam
1440 1047 1632 1089 voluisse
1665 1049 1836 1090 cedere.
1853 1048 1895 1103 ⁷)

345 1125 405 1180 [7]
439 1123 648 1177 Septima,
682 1136 760 1176 per
792 1121 1036 1163 cessionem
1071 1122 1228 1175 pape‘')
1262 1120 1369 1161 nulli
1404 1119 1650 1173 acquiritur
1683 1119 1753 1161 ius
1785 1120 1988 1174 papatus.

229 1193 407 1249 Patet,¹)
439 1195 542 1249 quia
574 1195 703 1235 datur
735 1191 898 1247 merck)
930 1206 1008 1246 per
1041 1191 1310 1233 electionem.

346 1266 408 1307 Ex
446 1265 531 1306 hiis
569 1265 721 1313 insero,
763 1264 881 1317 quod
920 1265 1064 1304 stante
1105 1262 1326 1316 protervia
1359 1262 1606 1304 emulorum
1640 1263 1682 1303 et
1715 1251 2061 1316 dampnabili15

233 1336 474 1391 pertinacia
488 1335 530 1391 8)
563 1335 760 1376 dominus
793 1347 907 1387 pnpa
931 1335 1166 1387 (iri-gorius
1200 1333 1293 1374 sine
1318 1335 1501 1385 peccato
1534 1333 1707 1374 mortali
1722 1330 1751 1387 ¹)
1785 1333 1990 1375 deserere

230 1422 318 1449 non
359 1408 564 1461 potest¹¹¹>
602 1407 812 1460 papatum
851 1406 894 1446 et
938 1418 1023 1446 uon
1063 1404 1363 1459 defemlere,¹¹)
1401 1404 1502 1458 quia
1541 1406 1647 1446 tunc
1689 1404 1814 1445 daret
1854 1416 1990 1446 cornu

228 1478 456 1533 peccatori.
473 1477 515 1531 ⁹)

348 1549 434 1590 Sed
473 1548 626 1601 utique
667 1548 856 1597 eederet,
901 1547 934 1587 si
968 1550 1219 1588 servaretur
1260 1549 1361 1600 post
1394 1545 1638 1588 cessionem
1676 1558 1799 1588 suam
1833 1546 1990 1588 electio

232 1620 455 1661 canonica.
519 1618 585 1659 Ad
619 1632 748 1671 quam
783 1619 874 1659 vult
908 1619 1010 1659 dare
1044 1631 1217 1659 omnem
1252 1631 1432 1671 operam
1468 1616 1690 1659 efficacem
1722 1617 1818 1670 ipso
1851 1617 1990 1659 eciam
2004 1607 2062 1648 920

233 1692 515 1744 permanente
548 1690 591 1730 in
626 1690 864 1743 quolibet¹')
898 1689 1046 1730 intimo
1079 1690 1209 1730 statu.

347 1761 457 1801 Item
489 1774 541 1801 ex
573 1760 699 1801 dictis
731 1760 881 1811 insero,
916 1759 1142 1801 (lominum
1173 1761 1414 1814 nostrum‘)
1436 1772 1597 1814 papam
1621 1759 1880 1812 Gregorium
1903 1772 1990 1800 non

228 1845 357 1885 posse
379 1831 591 1884 ignorare,
625 1844 671 1872 se
704 1845 799 1872 esse
822 1845 973 1872 verum
1007 1831 1253 1872 Romanum
1288 1830 1558 1884 pontificem,
1577 1831 1639 1886 ¹⁰)
1661 1830 1989 1884 presupposito,

229 1902 346 1956 quod
379 1901 614 1955 aliquando
641 1902 829 1956 l'nerit,‘')
852 1902 982 1943 sicuti
1016 1903 1150 1956 fen-0⁰>
1176 1904 1293 1944 totus
1318 1902 1510 1943 mundus
1534 1903 1723 1944 testatus
1746 1903 1829 1944 est.
1863 1902 1990 1943 Patet

230 1987 280 2014 ex
314 1973 455 2023 dictis,
488 1973 591 2026 quia
624 1987 675 2013 ex
710 1973 828 2014 falsis
862 1973 1223 2015 attestationibus
1258 1973 1484 2026 depositus
1517 1974 1595 2014 est.
2004 1960 2061 2002 25

345 2044 500 2098 Itemq)
539 2044 742 2085 dominus
780 2057 897 2098 papa
937 2044 1110 2085 unionis
1152 2045 1314 2086 zelator
1354 2058 1442 2085 non
1482 2044 1624 2086 solum
1666 2043 1710 2085 in
1749 2057 1910 2098 genere
1942 2056 1989 2085 se

230 2113 357 2155 offert
397 2114 453 2155 ad
484 2115 629 2155 omnia
661 2115 903 2168 possibilia,
944 2116 1022 2156 sed
1055 2116 1191 2157 eciam
1226 2116 1279 2157 ad
1312 2115 1595 2169 particularia
1628 2115 1868 2165 descendit,
1901 2127 1990 2156 non

229 2185 465 2225 excludens
497 2185 641 2238 aliqua
676 2186 958 2227 racionabilia
990 2186 1060 2227 hic
1094 2200 1180 2227 non
1215 2198 1437 2239 expressa.

346 2254 492 2297 Primo
533 2255 568 2297 si
602 2255 840 2306 videretur,
890 2258 1007 2310 quod
1043 2257 1145 2298 unio
1178 2257 1317 2311 possit
1350 2256 1444 2299 dari
1459 2259 1492 2311 r)
1530 2269 1610 2310 per
1641 2256 1756 2298 viam
1789 2256 1991 2298 subtrac-

229 2325 359 2366 tionis
401 2326 647 2367 obedientie
691 2329 735 2368 et
777 2328 919 2369 omnis
968 2327 1173 2379 subsidii,
1213 2329 1267 2369 ad
1308 2328 1553 2382 quamlibet
1594 2329 1767 2381 partem
1808 2328 1990 2381 paratus
2005 2314 2062 2356 30

229 2397 307 2447 est,
341 2398 552 2449 quantum
587 2399 732 2449 potest
764 2411 863 2439 cum
887 2399 977 2440 Deo
988 2401 1021 2453 ⁸)
1049 2398 1367 2440 subtractionis
1391 2397 1619 2440 licenciam
1641 2397 1848 2440 fidelibus
1871 2398 1989 2439 dare.

228 2466 273 2507 Si
307 2466 374 2508 via
390 2465 441 2521 ¹¹)
474 2468 733 2520 cognitionis
768 2468 988 2510 rideretur
1021 2469 1190 2523 apcior,
1224 2470 1279 2512 ad
1322 2483 1419 2512 eam
1462 2469 1711 2521 descendit,
1753 2467 1991 2510 dummodo
2211 2463 2216 2522 j

226 2535 391 2578 iudices
433 2538 646 2590 eligantur
685 2552 773 2580 non
814 2541 1029 2594 suspecti,
1073 2540 1190 2582 circa
1234 2554 1345 2595 quos
1386 2540 1612 2595 eligendos
1650 2539 1705 2582 de
1749 2538 1991 2582 serenitate
2211 2527 2216 2547 ³

227 2609 375 2649 vestra
412 2608 602 2650 confidit.
664 2609 729 2651 Ac
761 2609 798 2651 si
830 2622 910 2664 per
941 2610 1057 2653 viam
1089 2611 1260 2653 concilii
1292 2611 1510 2665 generalis
1542 2610 1838 2653 incedendum
1870 2609 1990 2653 vide-

343 2783 373 2816 a)
395 2783 581 2811 substantia
601 2785 630 2812 0.
673 2785 706 2819 b)
726 2785 862 2820 procedi
882 2787 996 2824 posset
1016 2787 1054 2813 D.
1093 2787 1121 2822 c)
1143 2788 1221 2815 actu
1240 2786 1364 2815 Druck.
1401 2786 1432 2820 d)
1452 2786 1585 2815 fidelius
1611 2787 1650 2821 B,
1670 2786 1703 2822 0,
1723 2785 1764 2813 D.
1800 2785 1831 2820 ο)
1850 2782 1937 2813 Mle
1950 2783 1990 2812 D.
2003 2775 2060 2819 35
2158 2772 2165 2824 s

227 2828 250 2861 ι)
277 2828 339 2855 ruit
364 2830 401 2862 Β,
428 2830 466 2856 D.
510 2832 541 2865 g>
567 2832 715 2866 expressi
744 2834 772 2859 e.
818 2832 851 2866 h)
877 2834 1018 2861 servatis
1046 2835 1079 2861 et
1103 2834 1184 2868 rehu
1211 2835 1249 2868 Β,
1271 2835 1300 2862 o.
1343 2834 1366 2868 ί)
1387 2834 1486 2862 datur
1507 2835 1545 2862 D.
1581 2833 1617 2869 k)
1636 2833 1709 2862 iure
1728 2833 1758 2861 Β
1779 2833 1848 2861 una
1866 2830 1991 2860 Druck.
2161 2826 2187 2843 ‘-

227 2873 249 2907 l)
278 2875 410 2902 mortali
441 2878 578 2911 peccato
600 2879 628 2905 ζ’.
674 2880 717 2914 ιη)
740 2882 853 2914 posset
876 2881 905 2908 C'.
951 2882 984 2915 n)
1011 2882 1044 2908 et
1066 2888 1129 2909 non
1156 2881 1219 2909 der.
1249 2881 1330 2915 fehlt
1354 2881 1475 2909 Druck.
1523 2882 1555 2915 o)
1577 2880 1642 2909 mit
1663 2881 1703 2915 B,
1727 2880 1757 2908 0-
1799 2880 1832 2916 p)
1859 2885 1938 2908 vere
1960 2878 1991 2907 0·

226 2921 520 3002 gehltfilrlrztlguck.
558 2925 590 2959 q)
610 2924 715 2960 Igitur
735 2927 765 2954 D
789 2928 857 2954 und
882 2927 1005 2956 Druck.
1042 2929 1070 2963 r)
1090 2928 1200 2958 Primo
1226 2928 1254 2956 si
1280 2928 1359 2957 unio
1384 2916 1556 2957 videffetur
1579 2934 1680 2964 posto
1698 2926 1772 2956 dari
1790 2926 1831 2956 D.
1866 2926 1896 2962 ε)
1915 2932 1991 2954 cum

257 2975 295 2996 eo
333 2976 347 2996 e
445 2989 452 2996 .

347 3029 373 3071 ¹)
398 3028 465 3063 Rei
489 3030 605 3064 sciner
641 3031 736 3066 Wahl
757 3045 833 3067 cum
862 3033 1003 3080 Papste.
