<?xml version="1.0" encoding="UTF-8"?>
<!DOCTYPE html PUBLIC "-//W3C//DTD XHTML 1.0 Transitional//EN"
    "http://www.w3.org/TR/xhtml1/DTD/xhtml1-transitional.dtd">
<html xmlns="http://www.w3.org/1999/xhtml" xml:lang="en" lang="en">
 <head>
  <title>
</title>
<meta http-equiv="Content-Type" content="text/html;charset=utf-8" />
  <meta name='ocr-system' content='tesseract 3.04.00' />
  <meta name='ocr-capabilities' content='ocr_page ocr_carea ocr_par ocr_line ocrx_word'/>
</head>
<body>
  <div class='ocr_page' id='page_1' title='image "./actaconciliicons01counuoft_0056.png"; bbox 0 0 2216 3432; ppageno 0'>
   <div class='ocr_carea' id='block_1_1' title="bbox 0 0 2216 262">
    <p class='ocr_par' dir='ltr' id='par_1_1' title="bbox 0 0 2216 262">
     <span class='ocr_line' id='line_1_1' title="bbox 0 0 2216 262; baseline 0 0"><span class='ocrx_word' id='word_1_1' title='bbox 0 0 2216 262; x_wconf 95' lang='lat' dir='ltr'>  </span> <span class='ocrx_word' id='word_1_2' title='bbox 1616 112 2216 262; x_wconf 95' lang='lat' dir='ltr'> </span> 
     </span>
    </p>
   </div>
   <div class='ocr_carea' id='block_1_2' title="bbox 1277 58 1407 74">
    <p class='ocr_par' dir='ltr' id='par_1_2' title="bbox 1277 58 1407 74">
     <span class='ocr_line' id='line_1_2' title="bbox 1277 58 1407 74; baseline -0.008 -3"><span class='ocrx_word' id='word_1_3' title='bbox 1277 58 1371 74; x_wconf 31' lang='lat' dir='ltr'>a...⁷.;</span> <span class='ocrx_word' id='word_1_4' title='bbox 1402 60 1407 66; x_wconf 94' lang='lat'>·</span> 
     </span>
    </p>
   </div>
   <div class='ocr_carea' id='block_1_3' title="bbox 275 170 1616 242">
    <p class='ocr_par' dir='ltr' id='par_1_3' title="bbox 275 170 1616 242">
     <span class='ocr_line' id='line_1_3' title="bbox 275 170 1616 242; baseline -0.009 -1"><span class='ocrx_word' id='word_1_5' title='bbox 275 200 331 241; x_wconf 78' lang='lat'>³42</span> <span class='ocrx_word' id='word_1_6' title='bbox 683 203 707 238; x_wconf 89' lang='lat' dir='ltr'>l.</span> <span class='ocrx_word' id='word_1_7' title='bbox 735 201 931 236; x_wconf 82' lang='lat' dir='ltr'>Abschnitt.</span> <span class='ocrx_word' id='word_1_8' title='bbox 951 170 964 183; x_wconf 49' lang='grc' dir='ltr'><strong><em>ο</em></strong></span> <span class='ocrx_word' id='word_1_9' title='bbox 981 197 1407 242; x_wconf 72' lang='lat' dir='ltr'>Unionsverhandlungen</span> <span class='ocrx_word' id='word_1_10' title='bbox 1433 195 1486 230; x_wconf 82' lang='lat' dir='ltr'>bis</span> <span class='ocrx_word' id='word_1_11' title='bbox 1515 195 1616 231; x_wconf 78' lang='lat'>1413.</span> 
     </span>
    </p>
   </div>
   <div class='ocr_carea' id='block_1_4' title="bbox 269 250 2216 468">
    <p class='ocr_par' dir='ltr' id='par_1_4' title="bbox 269 250 2216 437">
     <span class='ocr_line' id='line_1_4' title="bbox 2199 250 2216 265; baseline 0 0"><span class='ocrx_word' id='word_1_12' title='bbox 2199 250 2216 265; x_wconf 55' lang='lat' dir='ltr'>s</span> 
     </span>
     <span class='ocr_line' id='line_1_5' title="bbox 2142 272 2216 292; baseline -0.014 1"><span class='ocrx_word' id='word_1_13' title='bbox 2142 275 2146 278; x_wconf 84' lang='grc'><strong>”</strong></span> <span class='ocrx_word' id='word_1_14' title='bbox 2191 272 2216 292; x_wconf 71' lang='lat'>1⁴·</span> 
     </span>
     <span class='ocr_line' id='line_1_6' title="bbox 278 290 2216 364; baseline -0.01 -7"><span class='ocrx_word' id='word_1_15' title='bbox 278 327 425 357; x_wconf 82' lang='lat' dir='ltr'>coram</span> <span class='ocrx_word' id='word_1_16' title='bbox 470 325 554 364; x_wconf 86' lang='lat' dir='ltr'>e0,-</span> <span class='ocrx_word' id='word_1_17' title='bbox 586 309 660 364; x_wconf 87' lang='lat' dir='ltr'>qui</span> <span class='ocrx_word' id='word_1_18' title='bbox 705 307 978 350; x_wconf 88' lang='lat' dir='ltr'>iudicaturus</span> <span class='ocrx_word' id='word_1_19' title='bbox 1017 306 1083 346; x_wconf 89' lang='lat' dir='ltr'>est</span> <span class='ocrx_word' id='word_1_20' title='bbox 1113 303 1233 346; x_wconf 80' lang='lat' dir='ltr'>vivos</span> <span class='ocrx_word' id='word_1_21' title='bbox 1265 303 1310 344; x_wconf 86' lang='lat' dir='ltr'>et</span> <span class='ocrx_word' id='word_1_22' title='bbox 1335 303 1535 344; x_wconf 69' lang='lat' dir='ltr'>&#39;mortuos</span> <span class='ocrx_word' id='word_1_23' title='bbox 1567 302 1611 342; x_wconf 89' lang='lat' dir='ltr'>et</span> <span class='ocrx_word' id='word_1_24' title='bbox 1641 298 1897 342; x_wconf 79' lang='lat' dir='ltr'>&#39;redditurus</span> <span class='ocrx_word' id='word_1_25' title='bbox 1925 299 2025 342; x_wconf 76' lang='lat' dir='ltr'>uni·</span> <span class='ocrx_word' id='word_1_26' title='bbox 2102 304 2109 339; x_wconf 77' lang='grc' dir='ltr'>ζ</span> <span class='ocrx_word' id='word_1_27' title='bbox 2136 355 2138 357; x_wconf 21' lang='lat'>¹</span> <span class='ocrx_word' id='word_1_28' title='bbox 2175 290 2216 353; x_wconf 55' lang='grc' dir='ltr'>ᾖ</span> 
     </span>
     <span class='ocr_line' id='line_1_7' title="bbox 269 358 2216 437; baseline -0.012 -10"><span class='ocrx_word' id='word_1_29' title='bbox 269 385 437 437; x_wconf 88' lang='lat' dir='ltr'>cuique</span> <span class='ocrx_word' id='word_1_30' title='bbox 469 381 709 424; x_wconf 86' lang='lat' dir='ltr'>secundum</span> <span class='ocrx_word' id='word_1_31' title='bbox 740 390 871 432; x_wconf 83' lang='lat' dir='ltr'>opera</span> <span class='ocrx_word' id='word_1_32' title='bbox 902 389 993 417; x_wconf 83' lang='lat' dir='ltr'>sua.</span> <span class='ocrx_word' id='word_1_33' title='bbox 2159 371 2162 373; x_wconf 71' lang='grc'><strong>’</strong></span> <span class='ocrx_word' id='word_1_34' title='bbox 2191 358 2216 427; x_wconf 64' lang='grc' dir='ltr'>Ἰ1</span> 
     </span>
    </p>

    <p class='ocr_par' dir='ltr' id='par_1_5' title="bbox 2207 449 2216 468">
     <span class='ocr_line' id='line_1_8' title="bbox 2207 449 2216 468; baseline 0 0"><span class='ocrx_word' id='word_1_35' title='bbox 2207 449 2216 468; x_wconf 70' lang='grc' dir='ltr'>Ι</span> 
     </span>
    </p>
   </div>
   <div class='ocr_carea' id='block_1_5' title="bbox 277 546 2067 826">
    <p class='ocr_par' dir='ltr' id='par_1_6' title="bbox 279 546 2028 622">
     <span class='ocr_line' id='line_1_9' title="bbox 279 546 2028 622; baseline -0.006 -14"><span class='ocrx_word' id='word_1_36' title='bbox 279 546 320 613; x_wconf 55' lang='grc' dir='ltr'>Ὗ,</span> <span class='ocrx_word' id='word_1_37' title='bbox 382 567 511 622; x_wconf 77' lang='lat' dir='ltr'>Papst</span> <span class='ocrx_word' id='word_1_38' title='bbox 541 563 741 605; x_wconf 68' lang='lat' dir='ltr'>Benedikt</span> <span class='ocrx_word' id='word_1_39' title='bbox 770 561 903 604; x_wconf 88' lang='lat' dir='ltr'><em>XIII.</em></span> <span class='ocrx_word' id='word_1_40' title='bbox 938 577 992 601; x_wconf 79' lang='lat' dir='ltr'>an</span> <span class='ocrx_word' id='word_1_41' title='bbox 1022 560 1130 600; x_wconf 61' lang='grc' dir='ltr'><em>Κατ-ἰ</em></span> <span class='ocrx_word' id='word_1_42' title='bbox 1162 559 1401 600; x_wconf 75' lang='lat' dir='ltr'>Malatesta:</span> <span class='ocrx_word' id='word_1_43' title='bbox 1439 555 1804 611; x_wconf 71' lang='lat' dir='ltr'>Unfruclztbarkeit</span> <span class='ocrx_word' id='word_1_44' title='bbox 1829 556 1902 597; x_wconf 83' lang='lat' dir='ltr'>der</span> <span class='ocrx_word' id='word_1_45' title='bbox 1930 554 2028 599; x_wconf 84' lang='lat' dir='ltr'>Ver-</span> 
     </span>
    </p>

    <p class='ocr_par' dir='ltr' id='par_1_7' title="bbox 279 623 2028 691">
     <span class='ocr_line' id='line_1_10' title="bbox 279 623 2028 691; baseline -0.006 -12"><span class='ocrx_word' id='word_1_46' title='bbox 279 639 536 691; x_wconf 71' lang='lat' dir='ltr'>handlunyen</span> <span class='ocrx_word' id='word_1_47' title='bbox 566 636 639 675; x_wconf 78' lang='lat' dir='ltr'>mit</span> <span class='ocrx_word' id='word_1_48' title='bbox 670 633 830 674; x_wconf 74' lang='grc' dir='ltr'>ιΙοΙιαηη</span> <span class='ocrx_word' id='word_1_49' title='bbox 860 629 1031 672; x_wconf 92' lang='lat' dir='ltr'><em>XXIII.</em></span> <span class='ocrx_word' id='word_1_50' title='bbox 1074 631 1160 670; x_wconf 83' lang='lat' dir='ltr'>und</span> <span class='ocrx_word' id='word_1_51' title='bbox 1198 631 1333 669; x_wconf 75' lang='lat' dir='ltr'>seinen</span> <span class='ocrx_word' id='word_1_52' title='bbox 1378 627 1654 682; x_wconf 73' lang='lat' dir='ltr'>Anhd&#39;n9e1·n,·</span> <span class='ocrx_word' id='word_1_53' title='bbox 1714 623 2028 682; x_wconf 73' lang='lat' dir='ltr'>Vertloeidiyunq</span> 
     </span>
    </p>

    <p class='ocr_par' dir='ltr' id='par_1_8' title="bbox 277 689 2067 826">
     <span class='ocr_line' id='line_1_11' title="bbox 277 689 2067 758; baseline -0.006 -9"><span class='ocrx_word' id='word_1_54' title='bbox 277 710 403 749; x_wconf 73' lang='lat' dir='ltr'>seines</span> <span class='ocrx_word' id='word_1_55' title='bbox 443 704 675 746; x_wconf 64' lang='lat' dir='ltr'>Verbaltens</span> <span class='ocrx_word' id='word_1_56' title='bbox 707 702 935 758; x_wconf 64' lang='lat' dir='ltr'>yefsemiber</span> <span class='ocrx_word' id='word_1_57' title='bbox 967 702 1054 743; x_wconf 80' lang='lat' dir='ltr'>clem</span> <span class='ocrx_word' id='word_1_58' title='bbox 1094 698 1295 749; x_wconf 77' lang='lat' dir='ltr'>Vorwurf,</span> <span class='ocrx_word' id='word_1_59' title='bbox 1349 699 1448 739; x_wconf 77' lang='lat' dir='ltr'>dass</span> <span class='ocrx_word' id='word_1_60' title='bbox 1484 713 1526 739; x_wconf 85' lang='lat' dir='ltr'>er</span> <span class='ocrx_word' id='word_1_61' title='bbox 1563 700 1607 738; x_wconf 74' lang='lat' dir='ltr'>in</span> <span class='ocrx_word' id='word_1_62' title='bbox 1638 698 1712 739; x_wconf 81' lang='lat' dir='ltr'>der</span> <span class='ocrx_word' id='word_1_63' title='bbox 1748 689 2067 739; x_wconf 65' lang='lat' dir='ltr'>Umssonssache5</span> 
     </span>
     <span class='ocr_line' id='line_1_12' title="bbox 410 765 1887 826; baseline -0.005 -9"><span class='ocrx_word' id='word_1_64' title='bbox 410 775 539 817; x_wconf 56' lang='lat' dir='ltr'>nielles</span> <span class='ocrx_word' id='word_1_65' title='bbox 571 775 681 822; x_wconf 75' lang='lat' dir='ltr'>thue3</span> <span class='ocrx_word' id='word_1_66' title='bbox 715 772 908 826; x_wconf 66' lang='lat' dir='ltr'>Sendunq</span> <span class='ocrx_word' id='word_1_67' title='bbox 939 773 1008 812; x_wconf 74' lang='lat' dir='ltr'>des</span> <span class='ocrx_word' id='word_1_68' title='bbox 1040 771 1219 812; x_wconf 58' lang='lat' dir='ltr'>Gar-sias</span> <span class='ocrx_word' id='word_1_69' title='bbox 1250 784 1300 810; x_wconf 78' lang='lat' dir='ltr'>zu</span> <span class='ocrx_word' id='word_1_70' title='bbox 1330 771 1494 810; x_wconf 76' lang='lat' dir='ltr'>weitern</span> <span class='ocrx_word' id='word_1_71' title='bbox 1534 765 1887 822; x_wconf 73' lang='lat' dir='ltr'>Verlzandlunyen.</span> 
     </span>
    </p>
   </div>
   <div class='ocr_carea' id='block_1_6' title="bbox 348 837 1778 977">
    <p class='ocr_par' dir='ltr' id='par_1_9' title="bbox 348 837 1778 977">
     <span class='ocr_line' id='line_1_13' title="bbox 870 837 1433 883; baseline -0.005 0"><span class='ocrx_word' id='word_1_72' title='bbox 870 841 912 883; x_wconf 82' lang='lat' dir='ltr'>S.</span> <span class='ocrx_word' id='word_1_73' title='bbox 946 842 1095 882; x_wconf 74' lang='lat' dir='ltr'>Malteo</span> <span class='ocrx_word' id='word_1_74' title='bbox 1131 839 1239 880; x_wconf 73' lang='grc'><em>1411</em></span> <span class='ocrx_word' id='word_1_75' title='bbox 1275 839 1365 880; x_wconf 78' lang='lat' dir='ltr'>Juli</span> <span class='ocrx_word' id='word_1_76' title='bbox 1399 837 1433 881; x_wconf 91' lang='lat'>7.</span> 
     </span>
     <span class='ocr_line' id='line_1_14' title="bbox 348 930 1778 977; baseline -0.006 -4"><span class='ocrx_word' id='word_1_77' title='bbox 348 940 377 973; x_wconf 85' lang='lat' dir='ltr'><em>B</em></span> <span class='ocrx_word' id='word_1_78' title='bbox 402 951 463 972; x_wconf 67' lang='lat' dir='ltr'>aus·</span> <span class='ocrx_word' id='word_1_79' title='bbox 501 937 600 977; x_wconf 66' lang='lat' dir='ltr'>men,</span> <span class='ocrx_word' id='word_1_80' title='bbox 628 937 714 974; x_wconf 69' lang='lat' dir='ltr'>Hof-</span> <span class='ocrx_word' id='word_1_81' title='bbox 742 936 809 970; x_wconf 78' lang='lat' dir='ltr'>und</span> <span class='ocrx_word' id='word_1_82' title='bbox 834 934 1145 969; x_wconf 71' lang='lat' dir='ltr'>S&#39;taacsbihliotlaek</span> <span class='ocrx_word' id='word_1_83' title='bbox 1175 934 1256 966; x_wconf 66' lang='lat' dir='ltr'>(fud.</span> <span class='ocrx_word' id='word_1_84' title='bbox 1281 932 1376 966; x_wconf 83' lang='lat'><em>5096</em></span> <span class='ocrx_word' id='word_1_85' title='bbox 1392 932 1460 977; x_wconf 82' lang='lat' dir='ltr'>sol.</span> <span class='ocrx_word' id='word_1_86' title='bbox 1490 931 1578 966; x_wconf 51' lang='lat'>1210</span> <span class='ocrx_word' id='word_1_87' title='bbox 1606 931 1675 965; x_wconf 83' lang='lat' dir='ltr'>und</span> <span class='ocrx_word' id='word_1_88' title='bbox 1699 930 1778 965; x_wconf 82' lang='lat'>125.</span> 
     </span>
    </p>
   </div>
   <div class='ocr_carea' id='block_1_7' title="bbox 277 1036 2150 2853">
    <p class='ocr_par' dir='ltr' id='par_1_10' title="bbox 277 1036 2150 2853">
     <span class='ocr_line' id='line_1_15' title="bbox 392 1036 2027 1096; baseline -0.004 -10"><span class='ocrx_word' id='word_1_89' title='bbox 392 1045 654 1086; x_wconf 73' lang='lat' dir='ltr'>Benedictus</span> <span class='ocrx_word' id='word_1_90' title='bbox 701 1043 930 1096; x_wconf 88' lang='lat' dir='ltr'>episcopus</span> <span class='ocrx_word' id='word_1_91' title='bbox 978 1054 1129 1082; x_wconf 86' lang='lat' dir='ltr'>servus</span> <span class='ocrx_word' id='word_1_92' title='bbox 1177 1052 1400 1081; x_wconf 82' lang='lat' dir='ltr'>servorum</span> <span class='ocrx_word' id='word_1_93' title='bbox 1448 1037 1527 1079; x_wconf 92' lang='lat' dir='ltr'>Dei</span> <span class='ocrx_word' id='word_1_94' title='bbox 1575 1037 1737 1079; x_wconf 88' lang='lat' dir='ltr'>dilecto</span> <span class='ocrx_word' id='word_1_95' title='bbox 1769 1036 1859 1080; x_wconf 90' lang='lat' dir='ltr'>filio</span> <span class='ocrx_word' id='word_1_96' title='bbox 1891 1038 2027 1081; x_wconf 91' lang='lat' dir='ltr'>nobili</span> 
     </span>
     <span class='ocr_line' id='line_1_16' title="bbox 281 1099 2101 1162; baseline -0.004 -5"><span class='ocrx_word' id='word_1_97' title='bbox 281 1116 368 1158; x_wconf 84' lang='lat' dir='ltr'>viro</span> <span class='ocrx_word' id='word_1_98' title='bbox 393 1116 547 1157; x_wconf 72' lang='lat' dir='ltr'>Car-010</span> <span class='ocrx_word' id='word_1_99' title='bbox 571 1115 623 1155; x_wconf 91' lang='lat' dir='ltr'>de</span> <span class='ocrx_word' id='word_1_100' title='bbox 647 1113 884 1155; x_wconf 80' lang='lat' dir='ltr'>Malatestis</span> <span class='ocrx_word' id='word_1_101' title='bbox 920 1111 1043 1153; x_wconf 90' lang='lat' dir='ltr'>militi</span> <span class='ocrx_word' id='word_1_102' title='bbox 1077 1111 1260 1152; x_wconf 82' lang='lat' dir='ltr'>salutem</span> <span class='ocrx_word' id='word_1_103' title='bbox 1294 1111 1336 1150; x_wconf 91' lang='lat' dir='ltr'>et</span> <span class='ocrx_word' id='word_1_104' title='bbox 1359 1108 1643 1162; x_wconf 83' lang='lat' dir='ltr'>apostolicam</span> <span class='ocrx_word' id='word_1_105' title='bbox 1661 1107 2026 1150; x_wconf 79' lang='lat' dir='ltr'>benedictionem.</span> <span class='ocrx_word' id='word_1_106' title='bbox 2045 1099 2101 1141; x_wconf 88' lang='lat'>10</span> 
     </span>
     <span class='ocr_line' id='line_1_17' title="bbox 280 1177 2029 1235; baseline -0.003 -8"><span class='ocrx_word' id='word_1_107' title='bbox 280 1185 453 1227; x_wconf 90' lang='lat' dir='ltr'>Litteris</span> <span class='ocrx_word' id='word_1_108' title='bbox 485 1184 584 1234; x_wconf 92' lang='lat' dir='ltr'>tuis,</span> <span class='ocrx_word' id='word_1_109' title='bbox 619 1183 902 1225; x_wconf 71' lang='lat' dir='ltr'>dilectissime</span> <span class='ocrx_word' id='word_1_110' title='bbox 935 1182 1010 1226; x_wconf 79' lang='lat' dir='ltr'>fili,</span> <span class='ocrx_word' id='word_1_111' title='bbox 1043 1183 1267 1235; x_wconf 84' lang='lat' dir='ltr'>gratanter</span> <span class='ocrx_word' id='word_1_112' title='bbox 1290 1178 1484 1232; x_wconf 83' lang='lat' dir='ltr'>acceptis</span> <span class='ocrx_word' id='word_1_113' title='bbox 1517 1181 1559 1221; x_wconf 89' lang='lat' dir='ltr'>et</span> <span class='ocrx_word' id='word_1_114' title='bbox 1583 1178 1741 1220; x_wconf 91' lang='lat' dir='ltr'>dilecto</span> <span class='ocrx_word' id='word_1_115' title='bbox 1763 1177 1853 1220; x_wconf 85' lang='lat' dir='ltr'>filio</span> <span class='ocrx_word' id='word_1_116' title='bbox 1876 1178 2029 1221; x_wconf 83' lang='lat' dir='ltr'>Garsia</span> 
     </span>
     <span class='ocr_line' id='line_1_18' title="bbox 278 1249 2030 1304; baseline -0.003 -7"><span class='ocrx_word' id='word_1_117' title='bbox 278 1255 450 1299; x_wconf 80' lang='lat' dir='ltr'>Martini</span> <span class='ocrx_word' id='word_1_118' title='bbox 484 1256 536 1295; x_wconf 90' lang='lat' dir='ltr'>de</span> <span class='ocrx_word' id='word_1_119' title='bbox 569 1253 782 1295; x_wconf 73' lang='lat' dir='ltr'>Turribus</span> <span class='ocrx_word' id='word_1_120' title='bbox 816 1265 963 1294; x_wconf 76' lang='lat' dir='ltr'>earum</span> <span class='ocrx_word' id='word_1_121' title='bbox 1012 1253 1147 1293; x_wconf 77' lang='lat' dir='ltr'>latore</span> <span class='ocrx_word' id='word_1_122' title='bbox 1194 1251 1248 1292; x_wconf 80' lang='lat' dir='ltr'>ad</span> <span class='ocrx_word' id='word_1_123' title='bbox 1296 1251 1475 1304; x_wconf 88' lang='lat' dir='ltr'>plenum</span> <span class='ocrx_word' id='word_1_124' title='bbox 1510 1249 1673 1299; x_wconf 84' lang='lat' dir='ltr'>audito,</span> <span class='ocrx_word' id='word_1_125' title='bbox 1721 1249 1839 1302; x_wconf 89' lang='lat' dir='ltr'>quod</span> <span class='ocrx_word' id='word_1_126' title='bbox 1885 1249 2030 1303; x_wconf 84' lang='lat' dir='ltr'>vigeat</span> 
     </span>
     <span class='ocr_line' id='line_1_19' title="bbox 278 1318 2029 1372; baseline -0.003 -5"><span class='ocrx_word' id='word_1_127' title='bbox 278 1326 323 1367; x_wconf 90' lang='lat' dir='ltr'>in</span> <span class='ocrx_word' id='word_1_128' title='bbox 346 1327 387 1366; x_wconf 90' lang='lat' dir='ltr'>te</span> <span class='ocrx_word' id='word_1_129' title='bbox 412 1326 582 1367; x_wconf 83' lang='lat' dir='ltr'>fervens</span> <span class='ocrx_word' id='word_1_130' title='bbox 614 1324 730 1364; x_wconf 88' lang='lat' dir='ltr'>zelus</span> <span class='ocrx_word' id='word_1_131' title='bbox 763 1323 817 1364; x_wconf 75' lang='lat' dir='ltr'>ad</span> <span class='ocrx_word' id='word_1_132' title='bbox 839 1323 1002 1364; x_wconf 89' lang='lat' dir='ltr'>bonum</span> <span class='ocrx_word' id='word_1_133' title='bbox 1042 1321 1315 1363; x_wconf 80' lang='lat' dir='ltr'>sanctissime</span> <span class='ocrx_word' id='word_1_134' title='bbox 1351 1319 1526 1361; x_wconf 87' lang='lat' dir='ltr'>unionis</span> <span class='ocrx_word' id='word_1_135' title='bbox 1559 1318 1754 1371; x_wconf 84' lang='lat' dir='ltr'>ecclesie,</span> <span class='ocrx_word' id='word_1_136' title='bbox 1789 1319 2029 1372; x_wconf 81' lang='lat' dir='ltr'>gaudemus</span> 
     </span>
     <span class='ocr_line' id='line_1_20' title="bbox 278 1390 2029 1447; baseline -0.003 -10"><span class='ocrx_word' id='word_1_137' title='bbox 278 1397 322 1437; x_wconf 88' lang='lat' dir='ltr'>et</span> <span class='ocrx_word' id='word_1_138' title='bbox 352 1402 425 1436; x_wconf 90' lang='lat' dir='ltr'>tue</span> <span class='ocrx_word' id='word_1_139' title='bbox 456 1394 594 1436; x_wconf 79' lang='lat' dir='ltr'>laudis</span> <span class='ocrx_word' id='word_1_140' title='bbox 625 1393 878 1447; x_wconf 70' lang='lat' dir='ltr'>preconium</span> <span class='ocrx_word' id='word_1_141' title='bbox 911 1393 963 1434; x_wconf 86' lang='lat' dir='ltr'>de</span> <span class='ocrx_word' id='word_1_142' title='bbox 997 1406 1041 1433; x_wconf 91' lang='lat' dir='ltr'>re</span> <span class='ocrx_word' id='word_1_143' title='bbox 1075 1395 1161 1434; x_wconf 84' lang='lat' dir='ltr'>tam</span> <span class='ocrx_word' id='word_1_144' title='bbox 1196 1392 1281 1445; x_wconf 78' lang='lat' dir='ltr'>pia,</span> <span class='ocrx_word' id='word_1_145' title='bbox 1330 1393 1419 1432; x_wconf 80' lang='lat' dir='ltr'>tam</span> <span class='ocrx_word' id='word_1_146' title='bbox 1466 1390 1556 1432; x_wconf 90' lang='lat' dir='ltr'>Deo</span> <span class='ocrx_word' id='word_1_147' title='bbox 1588 1392 1710 1444; x_wconf 84' lang='lat' dir='ltr'>grata</span> <span class='ocrx_word' id='word_1_148' title='bbox 1742 1391 1920 1444; x_wconf 86' lang='lat' dir='ltr'>tamque</span> <span class='ocrx_word' id='word_1_149' title='bbox 1953 1403 2029 1432; x_wconf 88' lang='lat' dir='ltr'>ne-</span> 
     </span>
     <span class='ocr_line' id='line_1_21' title="bbox 278 1451 2150 1516; baseline -0.002 -10"><span class='ocrx_word' id='word_1_150' title='bbox 278 1465 466 1506; x_wconf 78' lang='lat' dir='ltr'>cessaria</span> <span class='ocrx_word' id='word_1_151' title='bbox 497 1465 735 1505; x_wconf 84' lang='lat' dir='ltr'>christiano</span> <span class='ocrx_word' id='word_1_152' title='bbox 767 1463 929 1516; x_wconf 89' lang='lat' dir='ltr'>populo</span> <span class='ocrx_word' id='word_1_153' title='bbox 953 1463 1199 1504; x_wconf 81' lang='lat' dir='ltr'>attollentes</span> <span class='ocrx_word' id='word_1_154' title='bbox 1233 1462 1287 1503; x_wconf 77' lang='lat' dir='ltr'>ad</span> <span class='ocrx_word' id='word_1_155' title='bbox 1320 1461 1483 1514; x_wconf 83' lang='lat' dir='ltr'>scripta</span> <span class='ocrx_word' id='word_1_156' title='bbox 1506 1474 1585 1515; x_wconf 90' lang='lat' dir='ltr'>per</span> <span class='ocrx_word' id='word_1_157' title='bbox 1610 1462 1653 1502; x_wconf 89' lang='lat' dir='ltr'>te</span> <span class='ocrx_word' id='word_1_158' title='bbox 1687 1473 1901 1514; x_wconf 83' lang='lat' dir='ltr'>responsa</span> <span class='ocrx_word' id='word_1_159' title='bbox 1923 1451 2098 1503; x_wconf 82' lang='lat' dir='ltr'>diri-15</span> <span class='ocrx_word' id='word_1_160' title='bbox 2147 1458 2150 1462; x_wconf 78' lang='grc'><strong>’</strong></span> 
     </span>
     <span class='ocr_line' id='line_1_22' title="bbox 278 1530 2029 1588; baseline -0.001 -13"><span class='ocrx_word' id='word_1_161' title='bbox 278 1536 431 1588; x_wconf 86' lang='lat' dir='ltr'>gimus,</span> <span class='ocrx_word' id='word_1_162' title='bbox 480 1549 564 1588; x_wconf 88' lang='lat' dir='ltr'>que</span> <span class='ocrx_word' id='word_1_163' title='bbox 611 1533 781 1575; x_wconf 82' lang='lat' dir='ltr'>clariori</span> <span class='ocrx_word' id='word_1_164' title='bbox 822 1533 926 1574; x_wconf 88' lang='lat' dir='ltr'>dicti</span> <span class='ocrx_word' id='word_1_165' title='bbox 959 1533 1107 1575; x_wconf 81' lang='lat' dir='ltr'>latoris</span> <span class='ocrx_word' id='word_1_166' title='bbox 1142 1532 1418 1586; x_wconf 77' lang='lat' dir='ltr'>exposicione</span> <span class='ocrx_word' id='word_1_167' title='bbox 1451 1530 1671 1574; x_wconf 85' lang='lat' dir='ltr'>nobilitati</span> <span class='ocrx_word' id='word_1_168' title='bbox 1704 1532 1779 1572; x_wconf 89' lang='lat' dir='ltr'>tue</span> <span class='ocrx_word' id='word_1_169' title='bbox 1812 1530 1918 1573; x_wconf 82' lang='lat' dir='ltr'>alias</span> <span class='ocrx_word' id='word_1_170' title='bbox 1951 1544 2029 1574; x_wconf 90' lang='lat' dir='ltr'>no-</span> 
     </span>
     <span class='ocr_line' id='line_1_23' title="bbox 278 1601 2028 1658; baseline -0.001 -13"><span class='ocrx_word' id='word_1_171' title='bbox 278 1605 396 1646; x_wconf 80' lang='lat' dir='ltr'>ciora</span> <span class='ocrx_word' id='word_1_172' title='bbox 444 1605 667 1658; x_wconf 84' lang='lat' dir='ltr'>patebunt.</span> <span class='ocrx_word' id='word_1_173' title='bbox 733 1604 943 1644; x_wconf 85' lang='lat' dir='ltr'>Novimus</span> <span class='ocrx_word' id='word_1_174' title='bbox 993 1604 1123 1649; x_wconf 79' lang='lat' dir='ltr'>enim,</span> <span class='ocrx_word' id='word_1_175' title='bbox 1171 1605 1218 1644; x_wconf 89' lang='lat' dir='ltr'>ut</span> <span class='ocrx_word' id='word_1_176' title='bbox 1266 1602 1483 1656; x_wconf 79' lang='lat' dir='ltr'>scribis1),</span> <span class='ocrx_word' id='word_1_177' title='bbox 1532 1601 1811 1654; x_wconf 84' lang='lat' dir='ltr'>experiencia</span> <span class='ocrx_word' id='word_1_178' title='bbox 1842 1602 2028 1644; x_wconf 77' lang='lat' dir='ltr'>docente</span> 
     </span>
     <span class='ocr_line' id='line_1_24' title="bbox 278 1671 2028 1728; baseline -0.001 -13"><span class='ocrx_word' id='word_1_179' title='bbox 278 1675 561 1728; x_wconf 89' lang='lat' dir='ltr'>plurimorum</span> <span class='ocrx_word' id='word_1_180' title='bbox 595 1674 856 1727; x_wconf 75' lang='lat' dir='ltr'>principum,</span> <span class='ocrx_word' id='word_1_181' title='bbox 891 1675 943 1715; x_wconf 79' lang='lat' dir='ltr'>ad</span> <span class='ocrx_word' id='word_1_182' title='bbox 977 1687 1086 1726; x_wconf 89' lang='lat' dir='ltr'>quos</span> <span class='ocrx_word' id='word_1_183' title='bbox 1119 1674 1310 1726; x_wconf 82' lang='lat' dir='ltr'>pertinet</span> <span class='ocrx_word' id='word_1_184' title='bbox 1344 1686 1413 1713; x_wconf 85' lang='lat' dir='ltr'>res</span> <span class='ocrx_word' id='word_1_185' title='bbox 1446 1673 1606 1714; x_wconf 83' lang='lat' dir='ltr'>arduas</span> <span class='ocrx_word' id='word_1_186' title='bbox 1630 1671 1777 1713; x_wconf 90' lang='lat' dir='ltr'>studio</span> <span class='ocrx_word' id='word_1_187' title='bbox 1800 1671 2028 1714; x_wconf 84' lang='lat' dir='ltr'>aecuciore</span> 
     </span>
     <span class='ocr_line' id='line_1_25' title="bbox 277 1741 2029 1797; baseline -0.001 -12"><span class='ocrx_word' id='word_1_188' title='bbox 277 1747 475 1795; x_wconf 79' lang='lat' dir='ltr'>tractare,</span> <span class='ocrx_word' id='word_1_189' title='bbox 507 1744 778 1785; x_wconf 85' lang='lat' dir='ltr'>intenciones</span> <span class='ocrx_word' id='word_1_190' title='bbox 811 1744 957 1785; x_wconf 82' lang='lat' dir='ltr'>devias</span> <span class='ocrx_word' id='word_1_191' title='bbox 991 1746 1044 1791; x_wconf 73' lang='lat' dir='ltr'>et,</span> <span class='ocrx_word' id='word_1_192' title='bbox 1080 1745 1196 1797; x_wconf 88' lang='lat' dir='ltr'>quod</span> <span class='ocrx_word' id='word_1_193' title='bbox 1221 1744 1457 1785; x_wconf 86' lang='lat' dir='ltr'>dolendum</span> <span class='ocrx_word' id='word_1_194' title='bbox 1480 1745 1559 1792; x_wconf 84' lang='lat' dir='ltr'>est,</span> <span class='ocrx_word' id='word_1_195' title='bbox 1592 1741 1774 1796; x_wconf 90' lang='lat' dir='ltr'>privatis</span> <span class='ocrx_word' id='word_1_196' title='bbox 1797 1741 2029 1784; x_wconf 84' lang='lat' dir='ltr'>affectibus</span> 
     </span>
     <span class='ocr_line' id='line_1_26' title="bbox 277 1803 2102 1868; baseline -0.002 -12"><span class='ocrx_word' id='word_1_197' title='bbox 277 1815 330 1856; x_wconf 83' lang='lat' dir='ltr'>ab</span> <span class='ocrx_word' id='word_1_198' title='bbox 364 1815 567 1867; x_wconf 83' lang='lat' dir='ltr'>equitatis</span> <span class='ocrx_word' id='word_1_199' title='bbox 600 1815 747 1868; x_wconf 79' lang='lat' dir='ltr'>regula</span> <span class='ocrx_word' id='word_1_200' title='bbox 780 1814 1060 1861; x_wconf 70' lang='lat' dir='ltr'>declinantes,</span> <span class='ocrx_word' id='word_1_201' title='bbox 1110 1814 1163 1855; x_wconf 81' lang='lat' dir='ltr'>ad</span> <span class='ocrx_word' id='word_1_202' title='bbox 1210 1817 1353 1855; x_wconf 82' lang='lat' dir='ltr'>actum</span> <span class='ocrx_word' id='word_1_203' title='bbox 1402 1812 1705 1866; x_wconf 81' lang='lat' dir='ltr'>iuvestigande</span> <span class='ocrx_word' id='word_1_204' title='bbox 1752 1812 1950 1854; x_wconf 81' lang='lat' dir='ltr'>veritatis</span> <span class='ocrx_word' id='word_1_205' title='bbox 1982 1811 2030 1853; x_wconf 87' lang='lat' dir='ltr'>in</span> <span class='ocrx_word' id='word_1_206' title='bbox 2045 1803 2102 1845; x_wconf 82' lang='lat'>20</span> 
     </span>
     <span class='ocr_line' id='line_1_27' title="bbox 277 1882 2028 1937; baseline -0.001 -11"><span class='ocrx_word' id='word_1_207' title='bbox 277 1884 523 1926; x_wconf 88' lang='lat' dir='ltr'>huiusmodi</span> <span class='ocrx_word' id='word_1_208' title='bbox 557 1884 788 1925; x_wconf 76' lang='lat' dir='ltr'>christiane</span> <span class='ocrx_word' id='word_1_209' title='bbox 821 1884 921 1925; x_wconf 86' lang='lat' dir='ltr'>fidei</span> <span class='ocrx_word' id='word_1_210' title='bbox 959 1884 1139 1937; x_wconf 84' lang='lat' dir='ltr'>negocio</span> <span class='ocrx_word' id='word_1_211' title='bbox 1162 1884 1387 1926; x_wconf 80' lang='lat' dir='ltr'>tardiores.</span> <span class='ocrx_word' id='word_1_212' title='bbox 1423 1883 1551 1934; x_wconf 88' lang='lat' dir='ltr'>Quod</span> <span class='ocrx_word' id='word_1_213' title='bbox 1584 1885 1732 1925; x_wconf 82' lang='lat' dir='ltr'>autem</span> <span class='ocrx_word' id='word_1_214' title='bbox 1765 1883 1884 1937; x_wconf 84' lang='lat' dir='ltr'>apud</span> <span class='ocrx_word' id='word_1_215' title='bbox 1916 1882 2028 1935; x_wconf 88' lang='lat' dir='ltr'>illos,</span> 
     </span>
     <span class='ocr_line' id='line_1_28' title="bbox 278 1953 2030 2008; baseline -0.001 -12"><span class='ocrx_word' id='word_1_216' title='bbox 278 1955 349 2008; x_wconf 91' lang='lat' dir='ltr'>qui</span> <span class='ocrx_word' id='word_1_217' title='bbox 385 1968 493 1995; x_wconf 82' lang='lat' dir='ltr'>ausu</span> <span class='ocrx_word' id='word_1_218' title='bbox 526 1955 756 1996; x_wconf 78' lang='lat' dir='ltr'>temerario</span> <span class='ocrx_word' id='word_1_219' title='bbox 791 1968 836 1995; x_wconf 85' lang='lat' dir='ltr'>se</span> <span class='ocrx_word' id='word_1_220' title='bbox 868 1955 1044 1996; x_wconf 87' lang='lat' dir='ltr'>unicum</span> <span class='ocrx_word' id='word_1_221' title='bbox 1078 1955 1306 2007; x_wconf 73' lang='lat' dir='ltr'>collegium</span> <span class='ocrx_word' id='word_1_222' title='bbox 1340 1955 1612 2004; x_wconf 80' lang='lat' dir='ltr'>asserebant,</span> <span class='ocrx_word' id='word_1_223' title='bbox 1661 1955 1703 1995; x_wconf 89' lang='lat' dir='ltr'>et</span> <span class='ocrx_word' id='word_1_224' title='bbox 1751 1954 1928 1996; x_wconf 89' lang='lat' dir='ltr'>Petrum</span> <span class='ocrx_word' id='word_1_225' title='bbox 1976 1953 2030 1995; x_wconf 88' lang='lat' dir='ltr'>de</span> 
     </span>
     <span class='ocr_line' id='line_1_29' title="bbox 280 2023 2029 2077; baseline 0 -12"><span class='ocrx_word' id='word_1_226' title='bbox 280 2025 444 2066; x_wconf 83' lang='lat' dir='ltr'>Candia</span> <span class='ocrx_word' id='word_1_227' title='bbox 476 2025 790 2066; x_wconf 81' lang='lat' dir='ltr'>Allexandrum</span> <span class='ocrx_word' id='word_1_228' title='bbox 823 2027 865 2066; x_wconf 88' lang='lat' dir='ltr'>et</span> <span class='ocrx_word' id='word_1_229' title='bbox 897 2025 1180 2067; x_wconf 79' lang='lat' dir='ltr'>Baldasarein</span> <span class='ocrx_word' id='word_1_230' title='bbox 1220 2026 1357 2066; x_wconf 82' lang='lat' dir='ltr'>Cossa</span> <span class='ocrx_word' id='word_1_231' title='bbox 1388 2025 1633 2066; x_wconf 62' lang='lat' dir='ltr'>johannem</span> <span class='ocrx_word' id='word_1_232' title='bbox 1682 2023 1904 2077; x_wconf 87' lang='lat' dir='ltr'>usurpatis</span> <span class='ocrx_word' id='word_1_233' title='bbox 1951 2036 2029 2065; x_wconf 91' lang='lat' dir='ltr'>no-</span> 
     </span>
     <span class='ocr_line' id='line_1_30' title="bbox 279 2093 2031 2149; baseline 0.001 -14"><span class='ocrx_word' id='word_1_234' title='bbox 279 2094 467 2135; x_wconf 84' lang='lat' dir='ltr'>minibus</span> <span class='ocrx_word' id='word_1_235' title='bbox 500 2095 742 2148; x_wconf 79' lang='lat' dir='ltr'>appellatos</span> <span class='ocrx_word' id='word_1_236' title='bbox 788 2097 864 2136; x_wconf 84' lang='lat' dir='ltr'>tua</span> <span class='ocrx_word' id='word_1_237' title='bbox 911 2109 996 2137; x_wconf 89' lang='lat' dir='ltr'>non</span> <span class='ocrx_word' id='word_1_238' title='bbox 1044 2096 1230 2137; x_wconf 76' lang='lat' dir='ltr'>valuerit</span> <span class='ocrx_word' id='word_1_239' title='bbox 1263 2096 1444 2137; x_wconf 77' lang='lat' dir='ltr'>devocio</span> <span class='ocrx_word' id='word_1_240' title='bbox 1477 2094 1703 2149; x_wconf 78' lang='lat' dir='ltr'>proficere,</span> <span class='ocrx_word' id='word_1_241' title='bbox 1751 2097 1795 2137; x_wconf 90' lang='lat' dir='ltr'>te</span> <span class='ocrx_word' id='word_1_242' title='bbox 1843 2093 2031 2136; x_wconf 84' lang='lat' dir='ltr'>admira-</span> 
     </span>
     <span class='ocr_line' id='line_1_31' title="bbox 279 2156 2100 2218; baseline 0.001 -14"><span class='ocrx_word' id='word_1_243' title='bbox 279 2164 412 2206; x_wconf 89' lang='lat' dir='ltr'>cionis</span> <span class='ocrx_word' id='word_1_244' title='bbox 445 2168 612 2217; x_wconf 85' lang='lat' dir='ltr'>stupor,</span> <span class='ocrx_word' id='word_1_245' title='bbox 646 2179 899 2218; x_wconf 78' lang='lat' dir='ltr'>quesumus,</span> <span class='ocrx_word' id='word_1_246' title='bbox 934 2179 1021 2207; x_wconf 91' lang='lat' dir='ltr'>non</span> <span class='ocrx_word' id='word_1_247' title='bbox 1055 2168 1268 2208; x_wconf 87' lang='lat' dir='ltr'>detentet.</span> <span class='ocrx_word' id='word_1_248' title='bbox 1331 2166 1560 2216; x_wconf 80' lang='lat' dir='ltr'>Quomodo</span> <span class='ocrx_word' id='word_1_249' title='bbox 1592 2165 1709 2207; x_wconf 88' lang='lat' dir='ltr'>enim</span> <span class='ocrx_word' id='word_1_250' title='bbox 1743 2178 1850 2207; x_wconf 84' lang='lat' dir='ltr'>sana</span> <span class='ocrx_word' id='word_1_251' title='bbox 1882 2164 2030 2206; x_wconf 86' lang='lat' dir='ltr'>inten-</span> <span class='ocrx_word' id='word_1_252' title='bbox 2046 2156 2100 2197; x_wconf 77' lang='lat'>25</span> 
     </span>
     <span class='ocr_line' id='line_1_32' title="bbox 279 2234 2031 2290; baseline 0.001 -15"><span class='ocrx_word' id='word_1_253' title='bbox 279 2235 400 2276; x_wconf 89' lang='lat' dir='ltr'>cione</span> <span class='ocrx_word' id='word_1_254' title='bbox 431 2249 532 2276; x_wconf 80' lang='lat' dir='ltr'>vera</span> <span class='ocrx_word' id='word_1_255' title='bbox 579 2237 623 2276; x_wconf 91' lang='lat' dir='ltr'>et</span> <span class='ocrx_word' id='word_1_256' title='bbox 670 2237 783 2278; x_wconf 82' lang='lat' dir='ltr'>iusta</span> <span class='ocrx_word' id='word_1_257' title='bbox 815 2250 1087 2290; x_wconf 82' lang='lat' dir='ltr'>prosequens</span> <span class='ocrx_word' id='word_1_258' title='bbox 1136 2238 1255 2290; x_wconf 84' lang='lat' dir='ltr'>apud</span> <span class='ocrx_word' id='word_1_259' title='bbox 1289 2237 1385 2278; x_wconf 88' lang='lat' dir='ltr'>illos</span> <span class='ocrx_word' id='word_1_260' title='bbox 1418 2236 1667 2290; x_wconf 78' lang='lat' dir='ltr'>proficeret,</span> <span class='ocrx_word' id='word_1_261' title='bbox 1715 2236 1791 2289; x_wconf 89' lang='lat' dir='ltr'>qui</span> <span class='ocrx_word' id='word_1_262' title='bbox 1833 2234 2031 2290; x_wconf 88' lang='lat' dir='ltr'>deposito</span> 
     </span>
     <span class='ocr_line' id='line_1_33' title="bbox 278 2304 2032 2361; baseline 0.001 -16"><span class='ocrx_word' id='word_1_263' title='bbox 278 2304 532 2357; x_wconf 85' lang='lat' dir='ltr'>proficiendi</span> <span class='ocrx_word' id='word_1_264' title='bbox 565 2307 762 2359; x_wconf 78' lang='lat' dir='ltr'>appetitu</span> <span class='ocrx_word' id='word_1_265' title='bbox 810 2306 854 2347; x_wconf 88' lang='lat' dir='ltr'>in</span> <span class='ocrx_word' id='word_1_266' title='bbox 888 2307 1115 2349; x_wconf 79' lang='lat' dir='ltr'>deficiendi</span> <span class='ocrx_word' id='word_1_267' title='bbox 1150 2307 1378 2361; x_wconf 82' lang='lat' dir='ltr'>perfidiam</span> <span class='ocrx_word' id='word_1_268' title='bbox 1411 2306 1666 2348; x_wconf 89' lang='lat' dir='ltr'>inciderunt</span> <span class='ocrx_word' id='word_1_269' title='bbox 1713 2319 1763 2348; x_wconf 85' lang='lat' dir='ltr'>ac</span> <span class='ocrx_word' id='word_1_270' title='bbox 1801 2306 2032 2348; x_wconf 83' lang='lat' dir='ltr'>veritatem</span> 
     </span>
     <span class='ocr_line' id='line_1_34' title="bbox 279 2374 2032 2431; baseline 0.001 -16"><span class='ocrx_word' id='word_1_271' title='bbox 279 2376 320 2415; x_wconf 89' lang='lat' dir='ltr'>et</span> <span class='ocrx_word' id='word_1_272' title='bbox 342 2374 558 2416; x_wconf 80' lang='lat' dir='ltr'>iusticiam</span> <span class='ocrx_word' id='word_1_273' title='bbox 581 2376 880 2429; x_wconf 84' lang='lat' dir='ltr'>opprimentes</span> <span class='ocrx_word' id='word_1_274' title='bbox 904 2377 1116 2419; x_wconf 80' lang='lat' dir='ltr'>extimant</span> <span class='ocrx_word' id='word_1_275' title='bbox 1147 2378 1204 2426; x_wconf 78' lang='lat' dir='ltr'>id,</span> <span class='ocrx_word' id='word_1_276' title='bbox 1237 2378 1355 2431; x_wconf 86' lang='lat' dir='ltr'>quod</span> <span class='ocrx_word' id='word_1_277' title='bbox 1379 2378 1665 2431; x_wconf 88' lang='lat' dir='ltr'>pretendunt,</span> <span class='ocrx_word' id='word_1_278' title='bbox 1700 2390 1746 2418; x_wconf 86' lang='lat' dir='ltr'>se</span> <span class='ocrx_word' id='word_1_279' title='bbox 1779 2377 1872 2419; x_wconf 86' lang='lat' dir='ltr'>fore</span> <span class='ocrx_word' id='word_1_280' title='bbox 1905 2374 2032 2418; x_wconf 85' lang='lat' dir='ltr'>aliter</span> 
     </span>
     <span class='ocr_line' id='line_1_35' title="bbox 279 2444 2031 2501; baseline 0.002 -17"><span class='ocrx_word' id='word_1_281' title='bbox 279 2457 365 2485; x_wconf 90' lang='lat' dir='ltr'>non</span> <span class='ocrx_word' id='word_1_282' title='bbox 412 2458 541 2498; x_wconf 87' lang='lat' dir='ltr'>posse</span> <span class='ocrx_word' id='word_1_283' title='bbox 589 2447 823 2488; x_wconf 82' lang='lat' dir='ltr'>defendere</span> <span class='ocrx_word' id='word_1_284' title='bbox 870 2447 954 2488; x_wconf 89' lang='lat' dir='ltr'>nisi</span> <span class='ocrx_word' id='word_1_285' title='bbox 1000 2447 1173 2489; x_wconf 83' lang='lat' dir='ltr'>iusticia</span> <span class='ocrx_word' id='word_1_286' title='bbox 1216 2450 1259 2489; x_wconf 89' lang='lat' dir='ltr'>et</span> <span class='ocrx_word' id='word_1_287' title='bbox 1290 2449 1485 2501; x_wconf 85' lang='lat' dir='ltr'>equitate</span> <span class='ocrx_word' id='word_1_288' title='bbox 1518 2447 1783 2501; x_wconf 88' lang='lat' dir='ltr'>suppressis.</span> <span class='ocrx_word' id='word_1_289' title='bbox 1845 2444 2031 2500; x_wconf 87' lang='lat' dir='ltr'>Equitas</span> 
     </span>
     <span class='ocr_line' id='line_1_36' title="bbox 280 2506 2104 2571; baseline 0.002 -17"><span class='ocrx_word' id='word_1_290' title='bbox 280 2514 393 2555; x_wconf 89' lang='lat' dir='ltr'>enim</span> <span class='ocrx_word' id='word_1_291' title='bbox 439 2515 713 2568; x_wconf 83' lang='lat' dir='ltr'>iniquitatem</span> <span class='ocrx_word' id='word_1_292' title='bbox 762 2530 848 2558; x_wconf 91' lang='lat' dir='ltr'>non</span> <span class='ocrx_word' id='word_1_293' title='bbox 893 2518 1080 2569; x_wconf 84' lang='lat' dir='ltr'>tollerat,</span> <span class='ocrx_word' id='word_1_294' title='bbox 1128 2519 1290 2560; x_wconf 76' lang='lat' dir='ltr'>veritas</span> <span class='ocrx_word' id='word_1_295' title='bbox 1337 2518 1470 2560; x_wconf 80' lang='lat' dir='ltr'>vincit</span> <span class='ocrx_word' id='word_1_296' title='bbox 1508 2518 1707 2571; x_wconf 87' lang='lat' dir='ltr'>ipsorum</span> <span class='ocrx_word' id='word_1_297' title='bbox 1739 2516 1959 2559; x_wconf 86' lang='lat' dir='ltr'>fallaciam</span> <span class='ocrx_word' id='word_1_298' title='bbox 1989 2506 2104 2558; x_wconf 84' lang='lat' dir='ltr'>et30</span> 
     </span>
     <span class='ocr_line' id='line_1_37' title="bbox 280 2583 2032 2642; baseline 0.002 -18"><span class='ocrx_word' id='word_1_299' title='bbox 280 2583 449 2626; x_wconf 85' lang='lat' dir='ltr'>iusticia</span> <span class='ocrx_word' id='word_1_300' title='bbox 480 2586 655 2639; x_wconf 84' lang='lat' dir='ltr'>corrigit</span> <span class='ocrx_word' id='word_1_301' title='bbox 696 2600 777 2640; x_wconf 84' lang='lat' dir='ltr'>per</span> <span class='ocrx_word' id='word_1_302' title='bbox 809 2601 883 2629; x_wconf 91' lang='lat' dir='ltr'>eos</span> <span class='ocrx_word' id='word_1_303' title='bbox 914 2587 1063 2629; x_wconf 90' lang='lat' dir='ltr'>illicite</span> <span class='ocrx_word' id='word_1_304' title='bbox 1095 2590 1360 2642; x_wconf 81' lang='lat' dir='ltr'>perpetrata.</span> <span class='ocrx_word' id='word_1_305' title='bbox 1424 2589 1522 2639; x_wconf 87' lang='lat' dir='ltr'>Quo</span> <span class='ocrx_word' id='word_1_306' title='bbox 1554 2590 1684 2642; x_wconf 85' lang='lat' dir='ltr'>pacto</span> <span class='ocrx_word' id='word_1_307' title='bbox 1716 2600 1817 2640; x_wconf 86' lang='lat' dir='ltr'>ergo</span> <span class='ocrx_word' id='word_1_308' title='bbox 1849 2586 1924 2629; x_wconf 86' lang='lat' dir='ltr'>illa</span> <span class='ocrx_word' id='word_1_309' title='bbox 1955 2586 2032 2628; x_wconf 87' lang='lat' dir='ltr'>ad-</span> 
     </span>
     <span class='ocr_line' id='line_1_38' title="bbox 280 2655 2030 2711; baseline 0.003 -17"><span class='ocrx_word' id='word_1_310' title='bbox 280 2655 515 2707; x_wconf 86' lang='lat' dir='ltr'>mitterent,</span> <span class='ocrx_word' id='word_1_311' title='bbox 539 2669 623 2709; x_wconf 89' lang='lat' dir='ltr'>que</span> <span class='ocrx_word' id='word_1_312' title='bbox 645 2658 782 2699; x_wconf 89' lang='lat' dir='ltr'>totum</span> <span class='ocrx_word' id='word_1_313' title='bbox 806 2658 1000 2710; x_wconf 86' lang='lat' dir='ltr'>ipsorum</span> <span class='ocrx_word' id='word_1_314' title='bbox 1024 2659 1194 2700; x_wconf 88' lang='lat' dir='ltr'>elidunt</span> <span class='ocrx_word' id='word_1_315' title='bbox 1215 2658 1578 2700; x_wconf 81' lang='lat' dir='ltr'>fundamentum?</span> <span class='ocrx_word' id='word_1_316' title='bbox 1611 2659 1787 2711; x_wconf 85' lang='lat' dir='ltr'>Verum,</span> <span class='ocrx_word' id='word_1_317' title='bbox 1818 2657 1896 2709; x_wconf 89' lang='lat' dir='ltr'>fili,</span> <span class='ocrx_word' id='word_1_318' title='bbox 1914 2657 2030 2711; x_wconf 90' lang='lat' dir='ltr'>quod</span> 
     </span>
     <span class='ocr_line' id='line_1_39' title="bbox 283 2723 2032 2782; baseline 0.003 -18"><span class='ocrx_word' id='word_1_319' title='bbox 283 2723 360 2765; x_wconf 89' lang='lat' dir='ltr'>tibi</span> <span class='ocrx_word' id='word_1_320' title='bbox 395 2725 573 2777; x_wconf 89' lang='lat' dir='ltr'>videtur,</span> <span class='ocrx_word' id='word_1_321' title='bbox 606 2726 720 2769; x_wconf 89' lang='lat' dir='ltr'>sicut</span> <span class='ocrx_word' id='word_1_322' title='bbox 765 2729 841 2770; x_wconf 83' lang='lat' dir='ltr'>tua</span> <span class='ocrx_word' id='word_1_323' title='bbox 887 2728 1076 2781; x_wconf 82' lang='lat' dir='ltr'>epistola</span> <span class='ocrx_word' id='word_1_324' title='bbox 1124 2729 1312 2771; x_wconf 90' lang='lat' dir='ltr'>innuere</span> <span class='ocrx_word' id='word_1_325' title='bbox 1344 2728 1572 2776; x_wconf 78' lang='lat' dir='ltr'>conicitur,</span> <span class='ocrx_word' id='word_1_326' title='bbox 1605 2742 1685 2771; x_wconf 91' lang='lat' dir='ltr'>nos</span> <span class='ocrx_word' id='word_1_327' title='bbox 1717 2741 1815 2770; x_wconf 91' lang='lat' dir='ltr'>cum</span> <span class='ocrx_word' id='word_1_328' title='bbox 1846 2726 2032 2782; x_wconf 85' lang='lat' dir='ltr'>prefatis</span> 
     </span>
     <span class='ocr_line' id='line_1_40' title="bbox 281 2793 2032 2853; baseline 0.003 -19"><span class='ocrx_word' id='word_1_329' title='bbox 281 2793 460 2836; x_wconf 84' lang='lat' dir='ltr'>intrusis</span> <span class='ocrx_word' id='word_1_330' title='bbox 491 2796 706 2850; x_wconf 87' lang='lat' dir='ltr'>nobisque</span> <span class='ocrx_word' id='word_1_331' title='bbox 739 2798 1054 2840; x_wconf 84' lang='lat' dir='ltr'>adherentibus</span> <span class='ocrx_word' id='word_1_332' title='bbox 1085 2798 1130 2841; x_wconf 90' lang='lat' dir='ltr'>in</span> <span class='ocrx_word' id='word_1_333' title='bbox 1153 2799 1468 2853; x_wconf 83' lang='lat' dir='ltr'>prosecucione</span> <span class='ocrx_word' id='word_1_334' title='bbox 1501 2799 1685 2842; x_wconf 88' lang='lat' dir='ltr'>unitatis</span> <span class='ocrx_word' id='word_1_335' title='bbox 1717 2798 1900 2841; x_wconf 88' lang='lat' dir='ltr'>ecclesie</span> <span class='ocrx_word' id='word_1_336' title='bbox 1932 2798 2032 2840; x_wconf 88' lang='lat' dir='ltr'>dor-</span> 
     </span>
    </p>
   </div>
   <div class='ocr_carea' id='block_1_8' title="bbox 2092 2657 2216 3432">
    <p class='ocr_par' dir='ltr' id='par_1_11' title="bbox 2092 2657 2216 3432">
     <span class='ocr_line' id='line_1_41' title="bbox 2102 2657 2216 3080; baseline 0 -125"><span class='ocrx_word' id='word_1_337' title='bbox 2102 2657 2216 3080; x_wconf 95' lang='lat' dir='ltr'>  </span> 
     </span>
     <span class='ocr_line' id='line_1_42' title="bbox 2092 3080 2216 3432; baseline 0 0"><span class='ocrx_word' id='word_1_338' title='bbox 2092 3080 2216 3432; x_wconf 95' lang='lat' dir='ltr'> </span> 
     </span>
    </p>
   </div>
   <div class='ocr_carea' id='block_1_9' title="bbox 283 2986 2102 3105">
    <p class='ocr_par' dir='ltr' id='par_1_12' title="bbox 283 2986 2102 3105">
     <span class='ocr_line' id='line_1_43' title="bbox 400 2986 2102 3049; baseline 0.004 -21"><span class='ocrx_word' id='word_1_339' title='bbox 400 2994 427 3039; x_wconf 78' lang='grc' dir='ltr'>ι)</span> <span class='ocrx_word' id='word_1_340' title='bbox 455 2994 582 3030; x_wconf 67' lang='lat' dir='ltr'>Die-ees</span> <span class='ocrx_word' id='word_1_341' title='bbox 609 2994 804 3045; x_wconf 43' lang='lat' dir='ltr'>Sela-‘eihan</span> <span class='ocrx_word' id='word_1_342' title='bbox 830 2997 1018 3032; x_wconf 78' lang='lat' dir='ltr'>Malatesta</span> <span class='ocrx_word' id='word_1_343' title='bbox 1043 3009 1107 3032; x_wconf 77' lang='lat' dir='ltr'>aus</span> <span class='ocrx_word' id='word_1_344' title='bbox 1132 2998 1196 3032; x_wconf 85' lang='lat' dir='ltr'>der</span> <span class='ocrx_word' id='word_1_345' title='bbox 1221 3002 1339 3033; x_wconf 77' lang='lat' dir='ltr'>ersten</span> <span class='ocrx_word' id='word_1_346' title='bbox 1365 2997 1486 3049; x_wconf 78' lang='lat' dir='ltr'>Hiilste</span> <span class='ocrx_word' id='word_1_347' title='bbox 1513 2998 1574 3033; x_wconf 71' lang='lat' dir='ltr'>des</span> <span class='ocrx_word' id='word_1_348' title='bbox 1591 2998 1721 3035; x_wconf 70' lang='lat' dir='ltr'>Jahres</span> <span class='ocrx_word' id='word_1_349' title='bbox 1740 2997 1832 3035; x_wconf 82' lang='lat'>1411</span> <span class='ocrx_word' id='word_1_350' title='bbox 1859 2996 1949 3034; x_wconf 76' lang='lat' dir='ltr'>habe</span> <span class='ocrx_word' id='word_1_351' title='bbox 1974 2996 2031 3036; x_wconf 67' lang='lat' dir='ltr'>ich</span> <span class='ocrx_word' id='word_1_352' title='bbox 2047 2986 2102 3034; x_wconf 78' lang='grc'>35</span> 
     </span>
     <span class='ocr_line' id='line_1_44' title="bbox 283 3052 1188 3105; baseline 0 -17"><span class='ocrx_word' id='word_1_353' title='bbox 283 3052 378 3091; x_wconf 76' lang='lat' dir='ltr'>m&#39;ekt</span> <span class='ocrx_word' id='word_1_354' title='bbox 400 3053 643 3105; x_wconf 70' lang='lat' dir='ltr'>aufyefunden,</span> <span class='ocrx_word' id='word_1_355' title='bbox 1186 3076 1188 3078; x_wconf 97' lang='lat'>-</span> 
     </span>
    </p>
   </div>
  </div>
 </body>
</html>
