2216 3432
271 164 350 206 106
667 165 692 198 Ι.
721 160 913 197 Abschnitt.
958 151 1379 196 Unionsverhandlungon
1403 149 1458 183 bis
1489 147 1590 183 1413.

269 276 469 326 dominia,
500 272 672 314 tenutas
703 269 745 309 et
774 263 1004 313 territoria,
1036 258 1166 302 salvis
1198 268 1350 299 eorum
1382 254 1515 296 rebus
1546 253 1590 294 et
1619 250 1835 306 personiS,
1866 260 2011 302 ymmo

269 349 323 391 ob
362 341 645 387 reverentiam
684 339 727 378 et
764 336 971 377 honorem
1009 329 1128 371 sedis
1164 325 1403 381 apostolice
1443 325 1489 366 et
1525 323 1719 365 nostram
1757 331 1938 373 passum
1968 318 2013 360 et

270 414 498 458 transitum
531 410 591 452 eis
621 406 851 461 prebentes
883 402 1081 450 liberum,
1113 398 1245 439 etiam
1277 397 1331 438 de
1364 395 1484 436 salvo
1516 395 1557 435 et
1592 404 1746 433 securo
1778 388 2012 440 conductu,

269 486 312 527 in
343 483 551 537 quantum
584 490 693 530 opus
723 473 864 524 fuerit,
897 469 1133 512 liberaliter
1160 466 1269 520 ipsis
1300 464 1582 519 providentes
1614 459 1794 515 pacifice
1823 456 2013 500 transire

271 557 312 596 et
347 552 462 594 abire
492 545 765 602 permittatis,
797 545 842 584 ut
877 540 991 594 apud
1025 539 1206 580 eandem
1230 536 1378 577 sedem
1401 531 1685 586 apostolicam
1713 529 1859 571 vestre
1882 524 2053 570 devo-5

271 622 397 665 tionis
429 616 725 673 promptitudo
758 613 874 666 digni
905 607 1146 664 patrocinia
1177 606 1337 648 favoris
1369 617 1447 657 per
1479 603 1561 644 hec
1594 598 1870 643 laudabiliter
1891 597 2014 640 inve-

272 692 361 733 nire
392 690 618 731 mereatur.

271 888 343 930 30.
375 886 461 927 Der
495 884 599 924 Rath
630 884 701 923 det·
736 879 931 934 Republe'k
970 876 1143 930 Veneclig]
1180 875 1286 915 lelmt
1321 874 1385 913 die
1421 871 1526 911 mtto
1558 871 1627 911 (les
1651 867 1904 924 pci'pstlichen
1935 864 2015 908 G'e·

271 957 435 997 smalten
470 954 491 994 I
498 956 582 995 'oter
619 967 691 992 von
730 950 834 990 Aillz'
868 964 935 989 um
964 949 1102 1002 Jrez'en
1135 943 1357 997 Dure-lewa
1397 941 1527 982 durch
1566 940 1634 980 ἱΙιν
1666 937 1804 980 Gebiet
1839 937 1916 989 fiir
1951 936 2016 978 die

272 1028 358 1067 dem
383 1025 526 1079 Papste
546 1023 707 1063 Jolcmm
730 1017 896 1060 XXIII.
929 1032 1053 1072 {seyen
1085 1015 1218 1068 Kiiniq
1255 1013 1480 1052 lmdlslaus
1511 1026 1561 1051 zu
1594 1009 1724 1064 Iliilfe
1756 1006 2014 1049 konzmenden
2034 1005 2088 1047 10

811 1087 994 1142 Truppen
1026 1085 1091 1126 ab.
1158 1083 1268 1123 1413
1298 1082 1402 1122 .]ιιηί
1430 1080 1472 1120 9.

345 1199 413 1231 slus
441 1196 680 1231 ,S'cwtsarehin
719 1194 868 1237 lcnccliy.
900 1190 1160 1225 ltcl1'l›‹r‹1;i‹›ni
1184 1189 1242 1221 ‹ch
1266 1188 1396 1221 senato
1430 1186 1540 1230 l'sol.
1572 1184 1673 1218 1350.

390 1303 512 1353 Quod
552 1299 906 1342 reverendissimo
948 1297 1122 1338 domino
1163 1293 1370 1335 cardinali
1410 1294 1463 1334 de
1496 1289 1695 1332 Cambrai
1738 1290 1880 1342 legato
1911 1301 2016 1342 apo-

277 1374 427 1415 stolico
465 1373 575 1412 ituro
607 1372 658 1411 ad
692 1369 951 1423 presentiam
984 1364 1250 1406 serenissimi
1295 1362 1457 1404 domini
1495 1361 1607 1414 regis
1641 1363 1942 1403 Romanorum
1974 1360 2017 1400 et

276 1444 329 1484 ad
367 1443 575 1483 electores
622 1439 788 1493 imperii
839 1439 893 1478 ad
937 1451 999 1487 ea,
1052 1449 1135 1489 qne
1180 1449 1230 1476 ex
1270 1437 1394 1487 parte
1433 1432 1591 1473 sumini
1632 1431 1851 1486 pontificis
1889 1428 2017 1472 nobis
2035 1426 2087 1468 15

277 1511 485 1564 exposuit,
518 1510 830 1563 respondeatur
862 1507 906 1548 in
939 1507 1018 1547 hac
1050 1506 1206 1547 forma:

393 1612 401 1621 .
434 1612 442 1621 .
476 1611 485 1621 .
519 1580 586 1620 Ad
624 1579 799 1620 terciam
840 1580 1022 1630 partem,
1064 1589 1141 1628 per
1180 1587 1307 1627 quam
1353 1573 1455 1614 dicit
1493 1571 1695 1613 similiter
1734 1570 1905 1613 venisse
1937 1582 2018 1623 pro

278 1652 392 1692 bono
430 1650 606 1691 ecclesie
645 1651 688 1689 et
720 1648 834 1689 sedis
866 1648 1061 1688 Romane
1103 1647 1145 1686 et
1177 1644 1337 1687 domini
1372 1656 1484 1697 pape
1517 1645 1560 1684 et
1592 1642 1719 1684 nobis
1757 1639 2020 1695 significavit

277 1721 593 1773 perplexitates,
626 1719 669 1759 in
702 1719 860 1771 quibus
892 1718 945 1758 ad
973 1729 1156 1769 presens
1189 1729 1234 1756 se
1267 1713 1428 1767 reperit
1459 1726 1655 1754 summus
1677 1711 1875 1766 pontifex
1897 1723 2020 1753 occa-

276 1789 392 1830 sione
424 1802 590 1841 guerre,
623 1802 752 1842 quam
784 1802 854 1829 rex
884 1787 1112 1828 Ladizlaus
1146 1799 1317 1827 movere
1340 1784 1512 1825 videtur
1535 1785 1688 1825 contra
1710 1796 1835 1824 suam
1859 1781 2021 1823 sancti·
2035 1779 2092 1820 20

275 1860 406 1899 tatem
438 1861 482 1900 et
511 1861 649 1900 terras
670 1859 977 1907 Romanorum,
1011 1858 1053 1898 et
1075 1855 1239 1909 rogavit
1269 1854 1516 1896 conclusive
1540 1855 1741 1896 nostrum
1764 1851 2020 1903 dominium,

278 1929 323 1968 ut
345 1929 523 1969 velimus
556 1928 691 1969 eidem
726 1927 898 1969 domino
931 1940 1042 1980 pape
1075 1926 1296 1975 auxilium,
1329 1925 1561 1966 consilium
1593 1926 1636 1966 ct
1669 1924 1862 1966 savorem
1896 1922 2020 1974 dare;

277 1999 318 2037 et
360 1997 616 2049 specialiter,
666 1997 700 2038 si
747 1997 945 2038 dominus
992 2010 1063 2037 rex
1110 1997 1406 2037 Romanorum
1454 1995 1545 2037 sive
1590 1995 1661 2036 alii
1709 1993 1931 2048 principes
1977 1994 2023 2034 et

278 2066 437 2107 domini
479 2066 701 2109 Alemanie
747 2068 905 2108 vellent
958 2065 1175 2108 sanctitati
1217 2079 1295 2107 sue
1341 2078 1610 2115 succurrere,
1652 2064 1771 2118 quod
1817 2062 2022 2117 gentibus

278 2135 494 2177 mittendis
531 2136 575 2178 in
617 2150 867 2179 succursum
906 2150 1033 2178 suum
1069 2136 1254 2178 velimus
1294 2136 1397 2177 dare
1435 2134 1670 2177 transitum
1709 2147 1788 2189 per
1826 2135 1942 2176 terra
1978 2133 2023 2175 et
2037 2129 2092 2172 25

278 2205 370 2246 loca
399 2206 565 2248 nostra:

392 2276 714 2327 respondemus,
737 2277 867 2329 quod,
890 2277 1009 2318 novit
1031 2277 1161 2328 Deus,
1184 2275 1388 2317 omnibus
1410 2274 1778 2329 perplexitatibus
1800 2275 1845 2316 et
1867 2273 2022 2316 adver-

280 2343 474 2385 sitatibus
505 2345 660 2386 summi
691 2345 909 2398 pontificis
941 2348 984 2387 et
1007 2347 1203 2388 Romane
1235 2345 1350 2387 sedis
1380 2346 1578 2387 dolemus
1602 2344 1808 2396 filialiter,
1843 2375 1852 2386 .
1877 2375 1886 2385 .
1913 2375 1923 2384 .
1956 2343 2024 2385 set

282 2425 377 2453 cum
409 2414 684 2456 serenissimo
716 2416 890 2458 domino
914 2429 1011 2469 rege
1035 2416 1238 2458 Ladislao
1269 2415 1433 2457 iamdiu
1456 2415 1771 2458 conventiones
1792 2415 2024 2466 habemus,

284 2494 390 2533 quas
421 2485 520 2524 ante
553 2484 814 2526 creationem
846 2485 1002 2527 summi
1032 2486 1251 2539 pontificis
1273 2499 1372 2527 cum
1395 2499 1447 2528 eo
1469 2486 1780 2537 contraximus,
1812 2497 1892 2539 per
1913 2496 2025 2538 quas
2039 2480 2096 2523 30

287 2550 460 2604 obligati
493 2566 640 2594 sumus
671 2567 758 2596 non
789 2555 1168 2608 darejtransitum,
1199 2555 1407 2597 victualia
1439 2568 1519 2598 nec
1545 2556 1769 2609 receptum
1800 2553 2025 2609 aliquibus

284 2620 491 2672 gentibus,
532 2636 615 2675 que
658 2625 710 2665 ad
744 2624 900 2666 damna
940 2639 1018 2667 sue
1059 2626 1308 2668 serenitatis
1347 2625 1410 2668 ire
1447 2626 1610 2682 vellent
1647 2627 1691 2668 et
1722 2625 1832 2667 illud
1871 2623 2026 2679 idem')

287 2688 495 2741 obligatus
527 2693 590 2732 est
620 2693 849 2735 observare
880 2694 1072 2747 prefatus
1100 2708 1174 2736 rex
1200 2695 1429 2737 Ladislaus
1462 2727 1471 2737 .
1497 2727 1506 2737 .
1531 2727 1540 2737 .
1573 2697 1616 2738 et
1646 2696 1882 2749 propterea
1901 2693 2026 2736 vide-

287 2770 396 2809 mus,
435 2761 548 2811 quod
581 2793 590 2802 .
623 2793 632 2802 .
666 2796 674 2804 .
706 2763 935 2805 transitum
967 2765 1066 2806 dare
1098 2778 1186 2807 non
1217 2778 1461 2819 possemus.
1523 2766 1614 2808 Sed
1645 2765 1681 2807 si
1714 2764 1918 2807 dominus
1949 2776 2026 2805 rex

290 2826 581 2871 Romanorum
612 2832 700 2873 sive
731 2832 801 2874 alii
829 2834 1049 2888 principes
1080 2836 1125 2876 et
1156 2835 1322 2877 domini
1353 2835 1582 2879 Alemanie
1620 2836 1768 2878 volent
1797 2836 1949 2893 gentes
1979 2832 2027 2877 in
2040 2830 2096 2875 35

405 2999 435 3036 a)
453 2999 558 3031 iddem
576 3002 647 3041 Req.
