2216 3432
406 160 444 198 O.
469 161 666 204 Malatesta‚
692 160 829 207 Gregor
856 160 940 195 XII.
966 160 1038 195 und
1065 160 1241 195 Benedikt
1264 160 1365 198 XIII.
1394 163 1639 198 1410-1413.
1670 163 1731 200 Nr.
1762 164 1814 200 14.
1963 155 2013 196 71

234 271 410 313 Rursus
441 269 556 312 forte
589 268 747 310 dicetis
781 268 1022 310 maximum
1063 268 1315 323 periculum
1356 269 1424 310 est
1467 269 1682 311 adversus
1718 271 1936 323 plurimos
1974 275 2019 315 et

233 342 371 385 fortes
403 340 683 383 adversarios
715 339 759 381 in
794 338 982 382 concilio
1015 339 1128 381 inire
1163 352 1453 394 congressum
1492 341 1536 382 et
1570 341 1691 395 quod
1723 355 1854 385 nemo
1888 343 2021 386 debet

233 426 282 455 se
315 411 575 455 submittere
619 410 818 454 evidenti
858 410 1051 459 iacture,
1091 410 1197 465 quia
1237 411 1453 466 scriptum
1495 411 1625 467 estzl)
1671 410 1768 453 Non
1806 413 2023 469 temptabis

233 484 443 525 dominum
463 481 599 524 Deum
633 481 812 538 tuum.‘2)
831 516 840 524 .
862 514 871 523 .
893 514 902 524 .
949 482 1000 523 In
1032 482 1222 533 nichilo,
1261 482 1298 523 si
1330 481 1603 525 conveniatis
1635 496 1736 526 cum
1770 485 1912 526 modis
1944 498 2024 538 per

193 554 465 601 5d0minum
509 554 771 608 Gregorium
819 553 1080 607 propositis,
1133 553 1363 596 vobiscum
1398 554 1605 596 videntur
1652 555 1894 598 adversarii
1934 557 2024 598 dis-

233 640 434 682 crepare,
474 625 562 667 nisi
604 626 651 667 in
696 626 827 667 modo
874 625 1173 677 convocandi,
1219 638 1413 679 cumque
1455 626 1599 668 modis
1641 640 1694 668 ex
1724 626 1823 668 istis
1855 630 2022 670 certam

232 697 327 740 fieri
360 697 667 740 auctoritatem
706 696 893 739 concilio
935 699 976 739 et
1014 696 1200 738 indubie
1245 696 1644 750 reintegracionem
1677 698 1908 741 christiani
1940 713 2021 753 po-

232 769 327 824 puli
360 769 407 811 iu
439 782 578 811 unum
624 763 972 821 demonstretur,
1006 768 1128 822 quod
1168 769 1324 822 optare
1363 768 1596 822 videntur,
1642 770 1912 812 credendum
1955 772 2023 812 est

233 841 411 884 domino
449 839 660 894 largiente
692 839 813 894 ipsos
847 840 903 881 ad
934 840 1035 891 hec,
1079 839 1115 881 si
1153 841 1481 894 proponantur,
1524 843 1767 895 antequam
1811 841 2020 884 termina-

165 917 217 957 10
232 913 382 955 ciones
414 911 689 953 firmaverint
721 924 824 953 suas
846 945 855 963 ,
895 910 1108 953 inclinare
1154 911 1316 952 debere
1340 945 1348 953 .
1370 943 1378 952 .
1400 943 1409 952 .
1464 912 1663 954 Obsecro
1702 912 1836 965 igitur
1868 927 1946 955 vos
1979 914 2023 955 et

231 985 409 1035 adium,
441 983 642 1037 piissime
677 981 880 1032 domine,
914 996 995 1037 per
1027 983 1199 1024 viscera
1238 982 1478 1024 ineffabilis
1526 983 1827 1025 misericordie
1865 984 1945 1026 Dei
1980 986 2023 1026 et

231 1069 310 1111 per
342 1069 453 1106 eam,
487 1068 574 1108 que
607 1054 735 1097 nobis
768 1053 930 1095 meruit
970 1054 1159 1096 salutem
1200 1067 1359 1107 parere
1392 1056 1436 1096 et
1467 1056 1600 1108 porta
1632 1054 1762 1097 nobis
1795 1055 1877 1097 celi
1910 1055 2018 1108 fieri,

231 1129 275 1170 et
306 1126 504 1169 omnium
546 1127 802 1168 sanctorum
842 1126 1084 1167 electorum
1126 1126 1302 1167 labores
1343 1126 1386 1167 et
1426 1126 1606 1179 merita,
1646 1127 1858 1181 quatinus
1898 1127 2019 1169 omni

236 1199 391 1241 timore
425 1196 586 1249 carnis,
621 1210 770 1239 amore
803 1199 845 1238 et
878 1197 979 1238 odio
1002 1196 1276 1239 conculcatis
1310 1196 1458 1239 velitis
1492 1198 1625 1240 corde
1648 1198 1815 1252 optimo
1848 1199 2021 1240 animo-

165 1275 215 1315 15
233 1284 319 1325 que
352 1268 517 1312 volenti
557 1268 782 1322 inquirere
822 1270 865 1309 et
897 1268 1124 1322 prosequi,
1169 1281 1256 1322 que
1296 1270 1442 1311 vestro
1484 1268 1749 1311 incumbunt
1791 1269 1942 1312 debito
1974 1269 2019 1312 in

231 1342 422 1384 salutem
454 1342 518 1382 tot
555 1340 805 1382 animarum
840 1338 1133 1381 inestimabili
1165 1339 1314 1392 precio
1348 1340 1684 1395 redemptarum
1716 1342 1797 1384 etc.

230 1543 301 1587 14.
354 1542 463 1583 Karl
494 1542 719 1583 Malatesta
757 1541 896 1582 sendet
938 1556 992 1581 an
1034 1540 1171 1596 Ko'm'y
1203 1539 1453 1583 Ferdz'naml
1485 1540 1519 1583 I.
1559 1556 1635 1583 von
1673 1541 1918 1598 A2·a90nie7z
1956 1543 2022 1584 (lie

240 1615 358 1658 Modi
392 1614 574 1669 Greyors
607 1611 711 1654 XII.
745 1614 864 1654 sowz‘e
896 1612 962 1653 die
995 1627 1050 1653 αη
1084 1611 1287 1654 Benedikt
1309 1611 1440 1656 XIII,
1474 1613 1699 1668 yesandten
1724 1612 2021 1669 Selmjftstiiclce

442 1685 530 1726 und
559 1684 747 1726 ermalmt
777 1684 859 1734 ilm,
894 1683 978 1739 auf
1003 1684 1067 1724 die
1110 1681 1308 1725 Wimsclce
1341 1683 1525 1740 Θηρὼ-8
1556 1685 1815 1740 einzuyelren.

159 1762 216 1803 20
867 1752 1003 1808 (1413
1032 1754 1140 1795 nach
1172 1754 1295 1795 Mai-2
1324 1753 1385 1811 3.)

303 1852 333 1886 B
359 1864 422 1886 aas
456 1851 563 1894 We'en,
590 1850 679 1896 Ilof-
704 1850 776 1884 und
801 1849 1120 1894 Staatsbible'otltek
1149 1848 1232 1883 Cocl.
1260 1849 1355 1883 5096
1371 1850 1441 1895 fol.
1471 1848 1549 1884 122.

346 1972 398 2014 In
436 1971 614 2013 nomine
657 1969 938 2012 sanctissime
983 1971 1026 2011 et
1065 1969 1292 2012 individue
1335 1969 1558 2012 trinitatis⁴
1592 1969 1731 2025 patris
1770 1972 1815 2012 et
1851 1969 1932 2011 filii
1975 1972 2018 2012 et

228 2043 415 2097 spiritus
447 2043 589 2085 sancti
624 2044 667 2084 et
699 2041 1015 2096 gloriosissime
1049 2040 1271 2095 genitricis
1307 2041 1473 2083 domini
1507 2041 1650 2083 nostri
1683 2041 1820 2083 Jhesu
1852 2040 2017 2083 Christi

229 2114 367 2157 Marie
417 2127 593 2168 semper
631 2113 815 2167 virginis
865 2113 1041 2160 domine
1082 2114 1232 2155 nostre
1281 2115 1324 2154 et
1371 2113 1664 2166 gloriosorum
1712 2113 2014 2167 apostolorum

157 2188 211 2229 25
231 2185 354 2228 Petri
389 2188 432 2227 et
464 2186 607 2236 Pauli,
641 2185 855 2227 Johannis
891 2183 1187 2238 Ewangeliste
1221 2185 1265 2226 et
1295 2184 1598 2227 Bartliolomei
1633 2198 1775 2226 amen.

347 2256 639 2299 Serenissimo
671 2255 862 2310 principi
895 2256 936 2297 et
959 2255 1329 2298 excellentissimo
1356 2256 1549 2309 domino,
1574 2255 1754 2297 domino
1777 2256 2012 2298 Fernando

229 2328 320 2381 regi
344 2328 600 2382 Aragonum
625 2329 723 2378 etc„
758 2327 936 2370 domino
960 2340 1040 2368 suo
1074 2326 1461 2370 honorandissimo
1485 2327 1671 2369 Carolus
1695 2327 1749 2369 de
1770 2327 2017 2369 Malatestis

227 2399 435 2441 minimus
477 2411 631 2452 servus
675 2400 827 2440 sancte
867 2398 1066 2440 Romane
1108 2400 1151 2440 et
1193 2398 1460 2440 universalis
1500 2398 1685 2440 ecclesie
1719 2399 1908 2440 salutem
1941 2412 2019 2452 op-

226 2470 382 2512 timam
417 2470 614 2512 exhiberi
647 2470 871 2524 supplicat
904 2470 959 2511 ab
993 2483 1057 2521 eo,
1092 2470 1183 2523 qui,
1218 2469 1303 2511 nisi
1328 2469 1514 2522 dederit,
1548 2470 1693 2511 salute
1721 2482 2018 2523 unumquem-

156 2541 214 2584 30
232 2555 321 2596 que
354 2554 505 2583 carere
539 2553 722 2583 necesse
755 2542 835 2582 est.
900 2540 1097 2583 Advenit
1129 2540 1302 2594 pridem
1344 2540 1545 2595 egregius
1579 2542 1731 2583 doctor
1763 2541 1909 2594 legum
1943 2540 2017 2582 do-

348 2742 374 2785 l)
399 2739 595 2784 Mammam,
625 2742 646 2775 4
673 2741 692 2775 b
720 2740 752 2776 7.

348 2812 375 2857 ²)
400 2812 500 2846 Jetzt
524 2812 652 2858 solyen
679 2811 745 2858 1¹s2
764 2811 887 2846 Seiten
911 2813 975 2847 mit
992 2812 1194 2858 Beispz'elen
1220 2824 1283 2846 aas
1316 2813 1392 2846 dem
1418 2813 1513 2847 alten
1533 2813 1751 2847 Testamenta
1777 2812 1850 2846 und
1866 2824 1929 2846 aas
1956 2813 2020 2846 der

228 2871 604 2917 Kirclwnytsclzicltte‚
629 2872 743 2905 worin
767 2872 911 2917 yeceiyt
933 2873 1041 2915 wird,
1075 2873 1138 2907 wie
1172 2872 1355 2906 achivae-lte
1383 2872 1524 2918 Ilez'lt'ye
1560 2873 1634 2906 sicle
1662 2873 1729 2906 dan
1753 2875 1919 2917 griis-stan
1951 2872 2020 2906 Gu-

219 2930 356 2976 fahren
381 2935 618 2976 unterzoyen,
654 2930 766 2964 selbst
787 2931 855 2965 den
886 2931 962 2965 Tod
995 2931 1094 2966 nicht
1123 2932 1300 2966 selreutan.
1352 2931 1556 2977 Anyefiae'lert
1587 2931 1726 2966 werden
1752 2943 1784 2965 u.
1811 2943 1843 2965 α.
1870 2931 1925 2965 die
1954 2930 2017 2965 Le-

0 3007 7 3026 ι
160 3004 214 3047 35
228 2989 365 3035 yenden
389 2989 454 3024 der
478 2989 524 3024 hl.
552 2989 684 3035 Ayne3‚
714 2988 889 3034 Caecilia,
921 2990 1050 3034 Lucia,
1082 2990 1293 3025 Kalliarina.
1343 2990 1452 3024 Dalm
1474 2991 1603 3037 folyen
1636 2990 1828 3036 drinyende
1866 2988 2016 3023 Ermale-

230 3060 370 3099 nunyen
394 3061 440 3083 an
464 3049 650 3097 Benedikt,
674 3049 730 3084 die
757 3050 851 3084 modi
877 3050 1126 3088 anzunelzmen.

0 3195 15 3203 .,
0 3093 26 3184 „ww
