2216 3432
457 156 500 193 1).
543 157 761 220 Sigisinund,
786 161 1009 209 Frankreich,
1034 167 1195 215 England
1219 173 1291 207 und
1317 174 1377 210 das
1402 176 1538 213 Konzfl.
1579 179 1638 215 ΝΥ.
1665 182 1740 219 100.
1882 177 1962 221 369

222 263 311 308 iam
353 265 488 308 certis
530 268 712 322 agendis
751 269 864 314 circa
902 287 1027 317 curas
1064 277 1253 321 Ytalicas
1289 285 1526 338 preventiss)
1567 290 1840 342 nequiremus
1878 295 1964 337 tam

222 335 327 390 cito,
366 337 483 382 sicut
525 338 702 381 interna
741 343 891 386 nostra
931 345 1102 388 affectio
1140 353 1405 405 peroptaret,
1443 354 1637 399 illorsum
1678 360 1891 404 declinare
1923 368 1964 407 et

221 407 431 450 secedere
476 408 521 450 in
562 411 809 454 continenti
851 416 906 456 ad
937 419 1083 469 partes
1123 421 1213 462 tam
1252 422 1566 481 longinquasb).
1628 428 1964 476 Advenientibus

221 479 371 521 autem
393 480 611 533 predictis
634 483 1041 540 ambassiatoribus,
1066 490 1119 530 de
1143 504 1327 544 quorum
1348 495 1437 536 tam
1460 497 1663 540 diuturna
1679 501 1964 546 retardatione

178 554 311 596 5non
351 550 575 593 modicum
613 555 910 609 ammiramur,
946 557 1140 612 ipsisque
1177 564 1394 615 gratanter
1432 566 1591 608 auditis
1629 568 1742 611 circa
1778 574 1964 614 matura-

218 620 385 664 tionem
417 623 692 676 agendorum
725 626 849 670 Italie
882 628 1081 671 dabimus
1114 634 1348 688 operamc),
1387 648 1471 688 que
1502 636 1594 678 fieri
1626 640 1801 693 poterit,
1840 655 1965 695 expe-

219 692 495 735 dientiorem.
568 695 653 736 Pro
697 696 889 739 uberiori
933 699 1121 754 denique
1166 703 1432 746 avisamento
1471 708 1512 747 et
1552 708 1785 752 directione
1825 725 1965 754 rerum

218 763 265 805 in
308 765 495 808 concilio
529 765 866 810 Constanciensi
905 772 1195 823 gerendarum
1236 774 1544 819 arbitraremur
1584 778 1674 820 fore
1707 782 1962 823 conveniens

215 848 362 888 ymmo
395 837 438 878 et
470 837 752 891 oportunum,
786 842 835 882 ut
867 842 909 882 et
940 842 1075 895 aliqui
1107 856 1158 884 ex
1189 845 1368 898 egregiis
1399 846 1610 901 theologis
1642 850 1683 890 et
1715 851 1961 894 doctoribus

149 913 203 955 10
218 905 442 962 Pariseed)
482 909 789 951 universitatis
827 924 926 953 cum
965 912 1088 954 dictis
1127 915 1510 958 ambassiatoribus
1542 919 1657 960 curie
1690 921 1816 974 regie,
1855 923 1965 964 sicut

217 979 284 1019 est
316 978 576 1032 pollicitum,
610 982 760 1034 presto
785 982 1053 1036 advenirent,
1088 986 1133 1026 ut
1154 985 1347 1028 unanimi
1370 986 1532 1039 digesto
1554 990 1731 1031 concilio
1756 991 1963 1045 parilique

214 1050 317 1091 voto
357 1063 496 1103 super
534 1051 715 1105 agendis
755 1054 798 1094 et
837 1053 1170 1096 circumstantiis
1208 1057 1553 1100 incumbentium
1584 1062 1626 1101 et
1657 1062 1961 1113 emergentium

216 1120 492 1174 negotiorum
552 1123 789 1165 salubriter
846 1126 1167 1178 provideretur,
1225 1128 1329 1180 quid
1388 1129 1539 1170 deceat
1596 1130 1963 1184 qualitercumque

216 1191 466 1247 expediate)
520 1194 850 1247 procedendum
897 1197 939 1237 et
982 1197 1142 1249 quibus
1188 1197 1340 1239 intima
1385 1199 1526 1241 cordis
1573 1200 1708 1241 nostri
1754 1201 1966 1254 personali

147 1271 198 1312 15
214 1263 502 1317 expressione
535 1277 768 1317 possemus
802 1279 998 1308 reserare
1031 1268 1218 1320 quedam
1248 1269 1337 1309 tam
1370 1269 1504 1311 ardua
1536 1271 1577 1310 et
1608 1271 1714 1311 tanti
1747 1272 1964 1323 ponderis,

214 1348 302 1388 que
345 1348 527 1377 exarare
567 1335 728 1378 litteris
771 1350 860 1379 non
900 1339 1104 1379 convenit
1151 1340 1193 1380 et
1231 1339 1424 1380 nondum
1463 1341 1517 1381 ad
1557 1354 1683 1382 aures
1724 1341 1965 1394 cuiuspiam

214 1405 269 1447 de
301 1407 443 1448 nostri
476 1409 667 1461 pectoris
705 1409 900 1451 thalamo
941 1410 1274 1451 descenderunt.
1337 1410 1657 1463 Speramusque
1696 1410 1783 1452 vias
1822 1411 1965 1452 saluti-

213 1476 328 1519 feras
372 1479 414 1519 et
448 1480 576 1533 aptos
615 1480 770 1521 modos
803 1480 1000 1522 invenire
1032 1481 1086 1521 ad
1119 1493 1169 1521 ea
1201 1482 1243 1521 et
1274 1480 1389 1532 dare,
1423 1494 1507 1533 que
1540 1480 1741 1521 militanti
1774 1481 1962 1532 ecclesie,

223 1547 428 1603 imperio,
477 1563 613 1604 regno
659 1553 808 1593 vestro
856 1564 905 1592 ac
945 1550 1091 1592 inclite
1143 1550 1286 1591 domui
1327 1551 1505 1592 Francie
1553 1550 1781 1603 domuique
1822 1551 1962 1591 nostre

142 1628 203 1669 20
221 1617 598 1674 Lucemburgensi
641 1623 847 1675 parerent
878 1622 1031 1674 utique
1064 1620 1284 1672 unitatem,
1318 1620 1484 1662 felicem
1516 1622 1674 1661 statum
1705 1621 1746 1661 et
1776 1620 1959 1661 votivam

217 1690 581 1733 reformationem
633 1694 676 1733 et
729 1693 885 1734 ceteris
937 1695 1050 1733 terre
1101 1691 1371 1744 principibus
1423 1690 1698 1731 exultationis
1745 1691 1785 1730 et
1830 1689 1960 1742 glorie

214 1760 427 1803 afferrent
448 1762 738 1814 incrementa,
772 1776 851 1816 per
875 1777 960 1816 que
984 1776 1071 1803 non
1103 1761 1183 1802 nisi
1218 1761 1500 1814 dispositione
1533 1760 1687 1809 divina,
1720 1759 1839 1799 cuius
1871 1765 1963 1797 sunt

211 1831 639 1887 incomprehensibilia
669 1833 826 1874 iudicia
857 1840 895 1873 et
924 1832 1225 1886 investiqabiles
1255 1833 1313 1871 vie
1344 1831 1428 1871 eius
1439 1830 1469 1880 1)
1501 1831 1717 1871 tantorum
1748 1829 1958 1869 bonorum

212 1902 472 1945 confirmata
505 1904 561 1945 sit
594 1904 743 1955 series,
777 1904 898 1957 quod
930 1916 1081 1944 revera
1114 1903 1332 1951 unionem,
1366 1900 1722 1942 selicemstatum
1755 1900 1795 1939 et
1826 1898 1959 1938 refor-

138 1982 193 2024 25
209 1974 447 2016 mationem
478 1975 703 2028 predictas
733 1988 783 2016 ac
806 1975 892 2015 alia
914 1974 974 2015 rei
998 1973 1173 2026 publice
1205 1972 1469 2013 incrementa
1499 1969 1791 2010 indubitanter
1823 1967 1958 2007 credi-

208 2057 306 2086 mus
339 2048 631 2099 proventuras
671 2047 715 2087 et
745 2048 791 2087 ut
826 2045 871 2086 in
908 2044 1040 2097 plana
1071 2044 1134 2084 tot
1171 2043 1365 2096 aspera⁰)
1397 2041 1510 2081 dono
1544 2039 1692 2080 celitus
1724 2037 1957 2089 inspirante

210 2114 582 2172 convertantur.f)
645 2116 847 2158 Profecto
888 2128 941 2156 ex
978 2114 1151 2155 vinculo
1189 2112 1291 2154 inite
1331 2110 1571 2163 colligantie
1610 2109 1719 2149 ultra
1753 2106 1956 2154 debitum,

209 2199 298 2239 quo
331 2186 621 2240 ydeinptitate
653 2185 1049 2239 consanguinitatis
1080 2183 1368 2236 astringimur,
1399 2180 1570 2233 expedit
1591 2178 1713 2219 vobis
1737 2177 1789 2217 ad
1811 2177 1958 2216 mutua

208 2256 369 2310 iugiter
407 2258 711 2311 promovenda
753 2257 844 2298 fore
878 2256 1034 2297 ceteris
1067 2254 1200 2307 magis
1244 2252 1488 2302 sollicitum,
1532 2248 1735 2302 precipue
1778 2247 1820 2286 in
1864 2244 1955 2293 hiis,

137 2337 296 2381 30que
342 2329 531 2382 vergunt
576 2329 776 2382 tempore
824 2328 911 2369 iam
959 2326 1014 2368 ad
1060 2326 1140 2366 hoc
1184 2323 1395 2375 disposito
1439 2320 1493 2360 ad
1538 2316 1775 2359 communis
1821 2314 1953 2355 hostis

209 2398 443 2452 dispendia
484 2399 649 2452 pariter
692 2400 734 2439 et
777 2396 1148 2439 conculcationem
1188 2393 1344 2434 virtute
1382 2390 1503 2431 unita
1535 2388 1778 2429 constanter
1809 2395 1955 2460 prose-

208 2468 387 2522 quenda
429 2470 472 2510 et
519 2469 632 2510 circa
677 2470 760 2510 hoc
808 2467 1001 2509 remedia
1047 2465 1294 2506 adhibenda
1339 2461 1565 2514 oportuna.
1644 2457 1784 2505 Quare
1828 2453 1955 2528 libeat

208 2539 406 2580 studiose
455 2539 683 2581 attendere
731 2540 774 2580 et
814 2550 1060 2592 procurare.
1104 2535 1151 2575 ut
1196 2533 1303 2574 tales
1351 2528 1680 2571 ambassiatores
1726 2526 1812 2565 tam
1855 2534 1954 2573 regn

208 2622 343 2663 quam
383 2609 682 2651 universitatis
723 2608 1088 2658 transmittantur,
1133 2616 1229 2645 cum
1261 2601 1418 2654 quibus
1452 2596 1716 2639 confidenter
1748 2602 1952 2645 queamus

138 2786 192 2828 35
327 2785 358 2820 a)
379 2786 418 2812 B‘
443 2785 501 2813 hat
527 2782 682 2818 impliciti
710 2781 968 2813 durchetrichen,
1001 2779 1104 2812 dafiir
1129 2773 1302 2809 multiplici
1323 2774 1354 2799 et
1373 2767 1592 2806 preoccupati.
1658 2765 1695 2802 b)
1718 2766 1753 2791 B‘
1773 2764 1826 2789 hac
1846 2761 1951 2833 estlna't

207 2832 339 2861 affectio
365 2834 479 2868 partes
505 2831 661 2859 secedere
687 2830 728 2858 ad
747 2830 901 2857 remotas.
957 2828 985 2861 c)
1006 2825 1134 2853 modum
1156 2824 1201 2850 B‘.
1256 2821 1287 2855 d)
1308 2821 1346 2847 So
1367 2820 1394 2845 B
1413 2818 1477 2844 und
1497 2816 1564 2866 Ba.
1597 2813 1625 2847 e)
1647 2812 1728 2872 'l-ehlc
1749 2811 1797 2874 B.²
1837 2808 1861 2880 fg
1885 2815 1947 2879 tgn

206 2882 277 2909 hier
297 2889 341 2908 an
365 2880 448 2915 fehlt
468 2880 517 2907 B‘.
553 2880 597 2906 Es
616 2878 673 2906 hat
699 2885 765 2904 nur
790 2877 871 2904 noch
898 2877 958 2903 den
978 2874 1071 2901 Satz:
1100 2870 1204 2904 Super
1229 2867 1345 2902 quibus
1371 2865 1513 2891 vestrum
1539 2866 1694 2887 sinceram
1716 2857 1847 2883 fraterni
1864 2861 1882 2880 a

205 2927 408 2963 requirimus
434 2927 468 2955 et
492 2934 532 2954 ex
560 2925 660 2954 corde
685 2931 849 2957 roga1nu5‚
878 2921 1032 2956 quatinus
1058 2918 1160 2946 libeat
1185 2922 1240 2967 eos

206 2975 249 3003 ad
267 2981 329 3003 nos
349 2974 516 3003 destinare
535 2980 596 3009 pro
617 2971 757 3007 speciali
778 2968 1005 2999 consolatione
1025 2964 1129 2993 nostri
1150 2962 1256 2990 cordis
1275 2967 1348 2987 uew.

134 3046 194 3089 40
330 3035 356 3079 ¹)
385 3034 458 3069 Ααε
483 3033 600 3080 Epist.
629 3032 731 3066 Pauli
755 3030 803 3064 ad
826 3029 923 3063 Rom.
949 3026 1003 3070 11,
1028 3024 1085 3058 33.

279 3115 421 3150 Maka,
440 3115 524 3143 Acta
543 3113 678 3143 concilii
697 3107 972 3140 Constanciensis.
991 3105 1015 3135 1.

1243 2914 1314 2941 dem
1340 2910 1508 2946 expeditos
1533 2908 1654 2939 absque
1675 2910 1760 2930 more
1781 2898 1946 2934 dispendio

1392 2956 1453 2991 Vyl.
1471 2956 1571 2982 umen.

1614 3080 1671 3121 24
