2216 3432
0 0 106 243 Γ
453 158 491 198 G.
515 159 713 203 Malatesta,
738 159 875 206 Gregor
898 160 980 196 XII.
1006 161 1081 196 und
1106 161 1284 197 Benedikt
1308 162 1408 199 XIII.
1438 164 1690 202 1410-1413.
1716 165 1776 203 Nr.
1803 167 1836 202 6.
1982 159 2038 201 69

0 240 118 290 ῑ·’

249 268 396 311 1000111
427 267 668 310 terminare
700 267 1035 322 assignareque,
1068 268 1115 311 in
1146 282 1236 324 quo
1268 270 1505 313 convenire
1538 273 1642 326 apte
1673 272 1820 316 valeat
1854 275 2032 317 univer-

248 338 357 382 sitas
388 338 747 382 christianorum.
811 340 974 382 Verum
1008 340 1114 382 dum
1157 353 1303 395 neque
1344 341 1427 383 hoc
1466 342 1557 384 ulla
1587 343 1759 386 valeam
1797 345 2028 399 percipere

248 410 427 453 racione
462 409 559 452 fieri
598 412 771 464 possea)
812 410 1043 453 dominum
1076 411 1337 466 Gregorium
1368 412 1599 455 vobiscum
1642 406 1878 458 convenire
1915 416 2031 460 infra

246 482 331 524 hoc
363 481 563 537 spacium
594 481 750 535 breve,
790 482 854 524 ita
885 483 952 524 est
991 482 1047 524 ad
1086 482 1173 524 alia
1212 484 1472 526 convertere
1505 486 1712 527 mentem.
1775 486 2034 541 Assignabit

206 553 395 598 5locum
435 553 575 595 oculis
613 565 796 595 suorum
835 554 1094 607 acceptum,
1142 553 1404 597 convocabit
1452 568 1550 608 sua,
1595 556 1917 611 qualiscunque
1961 560 2034 613 sit,

247 623 512 667 auctoritate
544 625 818 678 potentatus,
851 624 1075 680 principes
1117 627 1162 668 et
1197 625 1544 668 ‘christianorum
1586 629 1746 670 cetum.
1811 629 1879 671 Ad
1924 630 2034 673 illud

246 695 426 738 accedet
475 695 682 738 dominus
716 696 952 750 Gregorius
1000 698 1043 739 et
1076 710 1166 739 vos.
1248 697 1295 739 Si
1327 698 1626 751 accesseritis,
1675 700 2032 757 approbabitisb)

246 766 557 809 auctoritatem
593 767 703 819 eius,
747 767 959 810 facientes
1001 767 1041 809 ei
1078 768 1449 821 iurisdictionem,
1494 772 1655 823 sponte
1695 772 2030 815 consencientes

245 838 290 880 in
323 851 439 890 eum,
474 837 551 892 qui
583 851 719 892 supra
758 852 834 881 vos
866 839 1221 882 iurisdictionem
1261 853 1351 881 non
1393 841 1540 883 habet.
1611 841 1744 883 Certe
1783 845 1827 885 et
1859 843 1897 885 si
1929 844 2025 898 quis

178 912 232 954 10
246 912 443 952 vestrum
475 908 571 963 scit,
603 909 750 964 ipsum
783 923 918 965 supra
950 924 997 953 se
1030 910 1381 954 iurisdictionem
1405 911 1535 968 [non]
1548 914 1581 968 ⁰)
1613 913 1792 967 habere,
1826 927 1879 956 ex
1912 927 2029 956 nunc

244 979 523 1035 prestancius
566 981 690 1034 foret,
738 995 826 1024 non
867 981 1053 1024 dilatare
1094 981 1237 1034 litem,
1281 995 1369 1025 non
1412 983 1567 1025 tollere
1609 983 1810 1026 fidelium
1843 985 2028 1028 animas.

245 1053 378 1094 Parte
412 1054 560 1095 autem
600 1066 653 1094 ex
694 1052 781 1095 alia
814 1066 895 1095 nec
927 1053 1113 1095 minoris
1154 1053 1325 1096 iacture
1367 1053 1508 1107 soret,
1549 1054 1703 1097 fideles
1744 1055 1917 1098 intruso
1950 1057 2030 1099 ob—

244 1124 444 1167 ediencie
477 1125 749 1177 conculcare,
774 1123 852 1179 qui
885 1125 978 1167 solo
1012 1124 1196 1167 alterius
1220 1126 1415 1167 vestrum
1447 1127 1523 1168 aut
1556 1126 1788 1181 utriusque
1812 1141 2032 1170 consensu

244 1196 397 1251 nequit
428 1210 546 1251 papa
577 1195 686 1238 fieri.
751 1195 868 1247 Quid
901 1209 1016 1250 ergO,
1050 1198 1290 1250 postquam
1332 1197 1607 1239 assenserint
1639 1199 1898 1241 obedientes
1932 1199 2032 1253 sibi,

176 1267 390 1322 15ipsum
425 1281 507 1322 per
540 1281 587 1309 se
620 1267 765 1310 solum
798 1267 1094 1310 convocasse?
1162 1268 1207 1310 Si
1244 1268 1450 1310 dominus
1484 1268 1720 1322 Gregorius
1759 1284 1860 1312 cum
1892 1272 2035 1314 vestra

242 1338 501 1381 convenerit
544 1339 872 1390 dominacione,
919 1339 988 1381 vel
1027 1339 1083 1381 ad
1123 1338 1265 1392 ipsius
1306 1339 1667 1382 conventiculum
1708 1342 1930 1384 accedetis
1961 1343 2032 1384 vel

242 1410 378 1453 alium
411 1409 696 1465 postulabitis
730 1410 876 1451 locum
916 1411 958 1452 et
1000 1410 1112 1452 alias
1144 1410 1349 1452 inferetis
1390 1412 1637 1454 secundum
1679 1413 2033 1467 oportunitatem

242 1481 536 1525 condiciones.
612 1481 730 1532 Quid
774 1481 1139 1535 respondebunt?
1204 1482 1241 1524 Ο
1275 1482 1449 1524 utinam
1490 1496 1580 1525 11011
1623 1482 1708 1525 sic!
1778 1484 1834 1526 Et
1877 1484 1913 1526 si
1954 1498 2031 1527 vos

243 1554 335 1595 Deo
370 1552 638 1595 sacrificium
672 1555 715 1595 et
737 1553 1015 1594 oblacionem
1040 1552 1237 1595 offeretis
1270 1553 1539 1595 sinceritatis
1572 1555 1717 1597 cordis
1751 1557 1795 1597 et
1828 1555 2028 1610 spiritus,

172 1629 332 1671 2011011
376 1624 573 1666 credent,
650 1624 707 1665 Et
750 1624 787 1665 si
830 1623 966 1677 aliqui
1014 1638 1067 1666 ex
1105 1624 1216 1679 ipsis
1258 1624 1554 1678 crediderint,
1603 1626 2028 1679 calumpniabuntur

242 1694 415 1749 reliqui.
450 1695 826 1749 quemadmodum
856 1695 965 1736 alias
999 1696 1215 1745 fecerunt,
1249 1697 1293 1737 et
1326 1695 1477 1737 dicent
1509 1698 1669 1738 cuncta
1701 1710 1779 1739 vos
1812 1697 1859 1739 in
1891 1698 2032 1751 impe-

243 1765 489 1808 dimentum
538 1766 717 1808 unionis
766 1768 812 1808 et
858 1767 1031 1808 roboris
1073 1766 1249 1808 concilii
1289 1767 1550 1809 machinari.
1627 1768 1728 1809 Non
1768 1768 1850 1810 hec
1892 1769 2027 1810 michi

242 1837 447 1891 sompnio
479 1839 812 1891 presentantur,
846 1838 969 1892 velut
1002 1837 1150 1880 solent
1183 1838 1449 1892 plerumque
1483 1851 1599 1880 vana
1630 1838 1856 1892 preteritis
1889 1852 2028 1893 appa-

241 1922 358 1961 rere,
399 1908 563 1950 etenim
601 1909 843 1962 compellor
890 1923 943 1950 ex
985 1909 1214 1962 preteritis
1270 1922 1460 1963 pensare
1500 1910 1662 1952 futura.
1724 1909 1868 1963 Affui,
1910 1910 2028 1965 novi,

171 1983 225 2024 25
242 1993 327 2034 que
376 1979 555 2021 domino
598 1980 809 2034 Gregorio
856 1979 1072 2034 vobisque
1119 1980 1162 2021 in
1211 1980 1373 2022 Pisano
1422 1981 1610 2024 conci-lio
1658 1981 1859 2035 ipsorum
1904 1994 2026 2024 more

242 2049 427 2107 locutid)
459 2052 778 2106 opposuerunt.
829 2051 943 2104 Scio,
979 2065 1112 2106 quam
1146 2052 1317 2093 sincere
1350 2052 1591 2105 optulerim
1624 2066 1690 2104 ea,
1724 2053 1887 2107 quibus
1922 2066 2026 2095 vera

239 2134 327 2175 pax
375 2122 649 2176 querebatur
695 2123 740 2164 et
786 2121 883 2164 fieri
922 2124 1115 2177 poterat,
1164 2123 1479 2177 quomodoque
1528 2123 1691 2165 fuerint
1739 2123 2027 2177 calumpniati

241 2193 453 2235 adversus
486 2194 635 2236 oblata
678 2207 767 2236 non
805 2207 943 2247 parva
975 2193 1232 2236 sinceritate
1265 2194 1425 2247 cordis,
1469 2194 1757 2236 manifestum
1790 2196 1867 2237 est.
1883 2194 1914 2247 l)
1979 2195 2026 2237 Si

239 2264 323 2306 hoc
361 2265 470 2306 tunc
511 2264 714 2307 fecerunt
756 2265 804 2307 in
843 2264 971 2307 viridi
1015 2266 1160 2307 adhuc
1202 2265 1435 2320 opinione,
1478 2266 1587 2320 quid
1629 2280 1746 2308 nunc
1786 2266 1949 2308 facient
1980 2267 2027 2307 in

169 2334 501 2381 30confirmata
547 2349 628 2390 per
676 2338 891 2391 quartuor
939 2337 1114 2379 annos?
1178 2338 1316 2389 Vere,
1370 2337 1455 2378 nisi
1504 2337 1710 2379 dominus
1749 2338 1909 2380 Jhesus
1959 2337 2027 2378 sui

240 2406 434 2448 mirabili
478 2407 766 2461 providencia
805 2408 1013 2462 dignetur
1052 2408 1180 2450 aliter
1221 2408 1356 2450 corda
1388 2411 1670 2460 convertere,
1712 2408 1749 2450 si
1793 2408 2025 2450 differatur

240 2489 319 2531 per
353 2478 580 2520 dominum
614 2479 877 2533 Gregorium
917 2481 961 2521 et
991 2481 1186 2522 vestram
1226 2479 1582 2522 dominacionem
1621 2480 1749 2521 aliter
1782 2479 2022 2532 provideri,

241 2549 482 2603 antequam
514 2549 750 2593 concilium
783 2549 1087 2604 disposuerint
1119 2564 1201 2605 per
1233 2564 1378 2603 suum,
1412 2552 1459 2592 ut
1490 2550 1551 2593 ita
1584 2550 1741 2603 dicam,
1774 2549 2024 2605 principem

241 2621 474 2663 convocari
523 2622 566 2663 et
610 2621 756 2663 locum
804 2622 1160 2676 acceptaverint,
1203 2622 1324 2676 quod
1364 2621 1524 2663 minori
1572 2635 1691 2663 nunc
1730 2622 1884 2675 posset
1928 2620 2024 2662 fieri

169 2694 225 2736 35
241 2691 408 2744 labore,
442 2692 498 2734 ad
530 2692 807 2747 impossibile
840 2693 912 2735 vel
946 2692 1078 2735 nimis
1113 2692 1291 2736 difficile
1325 2693 1581 2735 deducetur.
1635 2692 1707 2735 Ad
1738 2693 1825 2735 huc
1848 2691 2028 2746 quidem

359 2831 390 2866 a)
411 2832 493 2859 Hier
517 2832 603 2868 folyt
628 2832 676 2860 ita
701 2833 761 2862 est.
824 2834 879 2862 Da
908 2841 940 2862 03
967 2834 1038 2861 hier
1065 2834 1258 2869 ἅδεα-[ἱππείῃ
1283 2833 1342 2868 ist,
1374 2841 1410 2862 so
1436 2833 1519 2861 habe
1545 2833 1597 2861 ich
1617 2840 1649 2861 es
1674 2840 1735 2860 vor
1755 2832 1796 2860 ad
1816 2832 1883 2859 alia.
1908 2833 2032 2866 qesetzt.

240 2878 274 2913 b)
295 2879 575 2914 approbababitis
594 2881 632 2907 Β.
706 2881 735 2915 0)
756 2881 845 2909 Fehlt
865 2882 895 2910 Ο.
968 2881 1000 2916 d)
1020 2881 1155 2909 locutus
1175 2882 1212 2908 B.

364 2940 391 2984 ¹)
415 2938 503 2973 Man
527 2940 728 2986 veryleiclze
755 2941 881 2976 hierzu
906 2941 1068 2976 Martene
1089 2946 1125 2976 et
1150 2941 1314 2984 Durand,
1340 2939 1568 2986 Amplissima
1597 2939 1766 2974 Collectio
1798 2938 1874 2981 VII,
1900 2938 1970 2972 966
1983 2949 2030 2971 ss.

243 2997 300 3032 die
335 2999 503 3044 anonymi
535 3000 705 3044 epistola,
743 3000 799 3034 die
833 3011 903 3034 von
927 3000 1123 3035 Malatesta
1158 2999 1345 3043 lzerrz‘ilzrt,
1383 2999 1456 3034 und
1493 2999 1683 3033 besonders
1725 3011 1764 3044 p.
1798 2997 1868 3032 996
1881 3008 1927 3031 ss.
1977 2996 2032 3030 die

169 3048 229 3094 40
243 3059 323 3092 acta
350 3060 386 3092 et
410 3060 562 3095 tractata
587 3059 681 3094 inter
706 3059 869 3096 Carolum
896 3060 939 3094 de
965 3060 1162 3098 Malatestis
1189 3062 1224 3095 et
1248 3059 1446 3097 cardinales
1473 3059 1565 3093 Pisis
1591 3059 1795 3114 existentes,
