2216 3432
302 189 382 235 128
602 196 645 234 ΙῘ.
671 194 864 231 Abschnitt.
911 187 980 226 Das
1009 187 1178 225 rssmische
1202 184 1341 224 Konzil.
1392 187 1482 223 1412
1506 184 1579 222 und
1607 182 1709 223 1413.

298 308 417 362 quod
462 303 743 347 universalem
791 302 832 341 et
872 297 1124 340 catholicam
1173 295 1450 348 representat
1496 293 1739 342 ecclesiam,
1786 292 2035 344 occuratur,

299 378 457 431 quanto
500 375 615 415 illam
653 370 853 413 divinitas
891 381 984 409 esse
1027 365 1256 408 constituit
1295 377 1372 417 pre
1412 363 1569 405 ceteris
1616 361 1812 403 omnium
1853 361 2037 404 aliarum

297 450 485 495 matrem,
518 444 734 485 dominam
766 443 809 482 et
841 437 1103 490 magistram.
1152 435 1325 476 Dudum
1349 433 1565 487 siquidem
1588 433 1634 474 in
1656 430 1847 484 generali
1873 431 2036 474 Pisano

296 515 472 558 concilio
508 513 618 554 inter
660 513 799 552 cetera
834 508 1014 562 provida
1053 504 1373 547 deliberacione
1414 506 1458 545 et
1496 504 1668 545 matura
1707 501 2038 545 consultacionc

298 587 465 628 decreta
496 582 631 624 extitit
662 594 739 633 per
769 578 903 620 felicis
935 574 1251 618 recordationis
1283 574 1584 615 Alexandrum
1617 585 1778 626 papam
1800 573 1849 614 V.
1883 567 2078 614 imme-5

300 655 460 696 diatum
492 652 835 706 predecessorem
871 648 1064 689 nostrum
1098 646 1249 686 eodem
1283 644 1559 697 approbante
1592 642 1775 684 concilio
1799 642 2038 684 salubriter

293 724 533 766 ordinatum
572 721 705 762 eciam
743 721 786 759 et
828 718 1038 759 statutum
1080 730 1131 757 ex
1169 715 1299 756 certis
1342 713 1508 767 magnis
1548 715 1591 754 et
1633 712 1782 754 arduis
1815 712 1960 754 causis
1993 714 2037 754 et

292 794 634 846 predecessorem
674 791 715 830 et
753 788 980 830 concilium
1023 785 1270 827 huiusmodi
1310 784 1588 825 moventibus
1628 782 1791 824 iterum
1832 783 2037 836 generale

293 862 514 904 concilium
557 860 733 902 ecclesie
773 858 1095 899 convocandum
1140 857 1244 904 sore,
1292 854 1393 895 inde
1434 855 1488 895 ad
1533 853 1789 903 triennium,
1831 853 2038 895 videlicet

296 946 406 974 anno
438 930 596 973 domini
627 929 852 970 millesimo
885 926 1312 980 quadringentesimo
1347 924 1605 966 duodecimo
1628 923 1670 964 111
1695 937 1845 965 mense
1869 923 2037 978 Aprilis
2056 920 2110 961 10

292 1004 334 1043 in
379 1002 546 1043 civitate
590 1014 665 1041 seu
711 1000 802 1040 loco
846 997 978 1039 habili
1018 1011 1093 1038 seu
1141 996 1313 1037 decenti
1358 1009 1437 1048 per
1483 995 1628 1047 ipsum
1677 995 2037 1047 predecessorem

292 1073 487 1113 nostrum
520 1084 595 1111 seu
627 1082 916 1110 successorem
947 1080 1025 1120 per
1056 1080 1218 1107 annum
1253 1068 1354 1107 ante
1378 1068 1554 1118 tempus
1578 1064 1680 1106 dicti
1703 1064 1840 1106 futuri
1863 1057 2037 1107 concilii

293 1142 560 1183 declarando.
612 1139 675 1181 'Et
713 1152 809 1180 cum
847 1138 959 1179 idem
998 1138 1283 1190 predecessor
1323 1150 1422 1177 cum
1456 1135 1639 1177 consilio
1671 1135 1845 1177 concilii
1879 1136 2032 1178 huius-

292 1212 405 1253 modi
437 1211 677 1252 intenderet
708 1209 938 1250 reformare
970 1207 1196 1248 ecclesiam
1230 1206 1367 1261 ipsam
1402 1207 1446 1247 in
1481 1206 1623 1259 eapite
1656 1207 1701 1247 et
1734 1206 1778 1247 111
1811 1206 2035 1258 membris,

293 1282 392 1322 licet
423 1281 511 1334 jam
554 1280 688 1321 multa
721 1278 919 1332 expedita
951 1277 1170 1319 extiterint
1202 1279 1243 1318 et
1276 1290 1407 1330 qnam
1441 1278 1569 1330 plura
1603 1278 1821 1317 restarent
1853 1274 2106 1330 agenda,15

293 1365 376 1404 que
407 1352 582 1405 propter
613 1350 873 1402 prelatorum
918 1351 959 1389 et
991 1348 1353 1390 ambassiatorum
1404 1347 1655 1389 absenciam
1696 1349 1801 1389 tunc
1840 1348 2035 1401 expediri

293 1434 377 1462 non
418 1421 626 1473 poterant,
680 1422 723 1460 et
758 1419 924 1472 prefato
967 1419 1213 1471 requirente
1255 1421 1297 1459 et
1339 1419 1613 1472 approbante
1651 1418 1837 1460 concilio
1877 1418 2038 1460 dictam

291 1490 630 1531 reformationem
665 1489 962 1542 suspendisset
995 1491 1038 1529 et
1070 1490 1373 1530 continuasset
1406 1502 1544 1542 usquc
1577 1490 1632 1530 ad
1666 1488 1810 1541 ipsum
1835 1489 1922 1531 iam
1946 1489 2036 1530 dic-

291 1561 380 1601 tum
417 1559 604 1613 proxime
645 1559 871 1600 concilium
917 1560 1099 1611 instans,
1142 1561 1246 1601 tunc
1289 1560 1519 1601 concilium
1563 1559 1812 1613 prorogavit
1851 1561 1894 1600 et
1931 1572 2036 1601 con-

291 1629 471 1670 tinuavit
518 1643 653 1682 usque
698 1630 751 1670 ad
795 1629 1026 1670 terminum
1073 1631 1287 1683 prefixum
1335 1632 1483 1672 futuro
1532 1630 1717 1671 concil-io
1765 1630 2033 1683 supradicto.
2050 1631 2107 1672 20

291 1699 379 1740 Nos
409 1698 566 1752 itaque,
596 1699 670 1751 qui
704 1699 848 1740 divina
880 1701 1048 1741 favente
1072 1701 1320 1752 clemencia,
1353 1701 1523 1753 prefato
1549 1701 1861 1754 predecessore
1883 1703 2035 1742 nostro

289 1769 457 1809 sublato
499 1774 551 1810 de
589 1769 742 1819 medio,
784 1769 942 1811 suimus
986 1771 1038 1811 ad
1078 1771 1244 1823 apicem
1286 1772 1442 1812 summi
1487 1771 1763 1825 apostolatus
1801 1771 2034 1824 assumpti,

289 1839 523 1890 cupientes,
566 1841 775 1891 quantum
810 1839 932 1880 nobis
965 1855 1013 1881 ex
1047 1841 1135 1881 alto
1167 1841 1438 1891 conceditur,
1478 1842 1616 1894 ipsius
1649 1842 1827 1882 decreta
1859 1841 2034 1883 concilii

287 1908 465 1948 maxime
502 1907 546 1948 in
577 1908 672 1959 hiis,
710 1922 794 1962 que
832 1923 983 1963 pacem
1028 1913 1071 1951 et
1115 1912 1300 1952 salutem
1340 1911 1533 1953 universi
1578 1912 1717 1965 gregis
1755 1911 1951 1953 fidelium
1983 1924 2034 1954 ac

259 1978 456 2024 statum,
509 1978 811 2020 exaltationem
864 1993 913 2020 ac
960 1980 1312 2023 reformationem
1366 1985 1455 2024 tam
1513 1982 1557 2023 in
1609 1983 1754 2036 capite
1808 1995 1941 2035 quam
1987 1982 2102 2025 in25

290 2047 488 2088 membris
521 2047 738 2089 militantis
772 2050 949 2091 ecclesie
972 2054 1210 2093 memorate
1242 2055 1490 2105 respectare
1524 2054 1782 2105 noscuntur,
1815 2053 1871 2094 ad
1903 2052 2034 2094 effec-

286 2118 375 2157 tum
423 2118 657 2170 perducere
696 2120 739 2160 et
777 2120 857 2171 in¹)
900 2123 1047 2162 nostre
1089 2123 1454 2164 considerationis
1494 2124 1718 2177 speculam
1758 2123 2032 2164 adducentes

287 2186 439 2227 almam
477 2188 625 2228 urbem
667 2202 936 2231 communem
980 2193 1181 2233 omnibus
1224 2194 1478 2235 nationibus
1523 2194 1725 2248 patriam,
1772 2195 2032 2236 cunctarum

288 2255 457 2296 urbium
490 2258 677 2309 reginam
720 2260 760 2299 et
792 2260 1023 2303 dominam.
1066 2263 1109 2303 in
1143 2277 1243 2316 qua,
1285 2266 1331 2305 ut
1365 2265 1679 2318 redemptionis
1713 2265 1861 2306 nostre
1893 2263 2032 2317 gratie

286 2337 360 2377 per
392 2326 524 2367 totum
557 2328 764 2369 mundum
798 2330 1040 2373 effunderet
1071 2333 1265 2383 effectus,
1298 2348 1471 2376 sacrum
1495 2334 1729 2388 imperium
1752 2334 2032 2388 providentia
2045 2340 2102 2381 30

285 2394 425 2436 divina
454 2397 695 2449 constituit3
727 2400 930 2453 quodque
952 2415 1032 2455 per
1055 2405 1394 2446 sacratissimam
1419 2406 1538 2447 Petri
1562 2406 1713 2447 sedem
1737 2407 1868 2458 eaput
1890 2404 2030 2459 ipsius

284 2463 398 2504 orbis
429 2464 578 2507 effecta
610 2468 785 2509 celestia
815 2470 977 2523 pariter
1001 2474 1042 2513 et
1065 2475 1238 2516 terrena
1261 2488 1452 2528 superna
1475 2476 1686 2529 religione
1710 2474 2028 2528 complectitur,

285 2534 326 2572 et
347 2533 420 2574 ubi
448 2536 682 2577 orthodoxe
713 2538 812 2579 fidei
845 2541 1107 2599 principium
1140 2545 1183 2584 et
1216 2548 1477 2587 cunctorum
1510 2546 1726 2588 iustorum
1760 2544 2028 2597 glorificatus

284 2604 348 2642 est
383 2603 532 2655 exitus,
573 2605 630 2646 ibi
668 2606 767 2649 fidei
808 2600 948 2652 cultus
995 2614 1037 2653 et
1077 2613 1244 2656 iustitie
1287 2615 1428 2669 vigeat
1473 2617 1762 2670 principatuS,
1810 2617 1854 2658 et
1891 2615 1939 2658 in
1976 2627 2029 2658 ea

285 2671 424 2713 divine
470 2675 781 2728 omnipotentia
826 2681 1062 2724 maiestatis
1110 2685 1258 2726 sedem
1305 2699 1383 2728 sue
1430 2686 1657 2728 militantis
1705 2686 1888 2728 ecclesie
1933 2685 2027 2727 fore
2041 2692 2096 2734 35

286 2742 504 2783 constituit
534 2747 775 2789 sanctorum
808 2751 1014 2803 sanguine
1046 2754 1327 2808 rubricatam,
1360 2756 1610 2799 divinarum
1643 2757 2026 2811 humanarumque

285 2809 422 2861 legum
467 2813 674 2867 opificem,
720 2819 763 2859 et
803 2821 857 2861 ad
899 2835 1029 2875 quam
1077 2836 1228 2866 omnes
1275 2826 1411 2868 ferme
1457 2826 1654 2869 fidelium
1703 2827 1903 2869 nationes
1943 2838 2026 2880 pro

286 2890 468 2948 suorum·
489 2883 736 2928 remissione
767 2891 1067 2941 peccaminum
1099 2897 1142 2936 et
1173 2895 1461 2949 indulgentiis
1492 2897 1831 2952 consequendis
1863 2895 2025 2951 quibus

404 3030 429 3072 ¹)
453 3030 539 3065 Hier
564 3032 699 3079 beyinnt
721 3038 783 3072 der
809 3032 932 3075 Druck
957 3043 1012 3078 bei
1035 3044 1206 3091 Raynald.
