2216 3432
417 145 455 183 G.
494 145 559 181 Die
584 145 824 182 franzfisische
850 147 1125 185 Gesandtschaft
1149 162 1226 185 zum
1252 152 1450 187 romischen
1474 154 1614 191 Konzil.
1651 155 1711 192 Nr.
1737 157 1792 192 34.
1914 148 1995 191 153

227 253 584 298 commissionem
627 253 862 297 manifeste
903 257 946 297 et
984 255 1237 300 immediate
1282 257 1556 312 veniremus,
1604 263 1723 315 quod
1766 264 1998 318 prohibeat

223 326 520 381 omnipotens.
583 325 712 368 Modo
755 339 855 367 cum
893 327 1031 380 gratia
1061 330 1206 371 vestre
1239 330 1526 383 sanctitatisa)
1566 332 1706 385 possit
1738 333 1835 387 dici,
1878 336 1997 389 quod

224 397 263 440 si
294 410 399 453 pars
431 399 600 449 nostra,
633 397 769 439 immo
802 397 923 451 regia
955 400 1206 451 prosecutio
1234 400 1319 442 iam
1343 400 1500 443 diurna
1524 403 1657 444 altius
1679 407 1996 456 perscrutetur,

224 482 370 523 neque
409 468 597 510 velimus
640 467 863 510 subticere
896 470 1142 521 veritatem,
1183 472 1327 513 solum
1361 486 1435 514 rex
1468 472 1513 514 in
1546 474 1627 515 hac
1659 476 1783 528 parte
1817 476 2000 529 requirit

182 540 309 583 5sibi
342 554 368 583 a
399 541 547 582 vestra
587 539 822 581 sanctitate
866 541 920 582 de
954 553 1069 594 pane
1107 554 1185 584 suo
1217 542 1410 584 frustum
1444 544 1670 586 dumtaxat
1702 546 1883 599 erogari,
1925 548 1999 600 qui

224 625 313 655 non
346 610 433 653 nisi
475 611 529 653 de
569 611 798 653 beneficiis
840 611 907 652 sui
945 612 1066 666 regni
1110 613 1164 654 ab
1198 626 1339 666 eoque
1379 616 1455 655 aut
1488 614 1580 656 suis
1613 617 1999 669 predecessoribus

225 682 494 726 constructis
528 683 571 724 et
604 682 767 724 dotatis
800 695 881 735 pro
913 682 1042 724 bonis
1076 686 1120 725 et
1153 684 1324 726 idoneis
1359 685 1491 739 exigit
1524 687 1784 739 portionem.

220 808 225 814 Ι
345 754 432 796 Sed
474 767 556 808 pro
598 753 899 796 indissolubili
938 757 1089 797 nostre
1127 756 1448 808 prosecutionis
1490 756 1819 811 impugnatione
1863 771 2001 812 oppo-

225 827 358 879 nitur,
393 825 515 880 quod
546 839 628 880 per
660 826 775 867 hanc
808 826 922 879 regis
955 825 1218 879 petitionem
1252 840 1531 881 summopere
1567 828 1723 869 [editur
1755 829 1938 871 ecclesia
1960 832 2002 871 et

157 898 212 939 10
225 898 439 941 adversus
480 910 577 939 eam
617 896 967 950 irreparabiliter
1006 898 1062 938 ad
1094 897 1251 939 illicita
1293 911 1343 940 ac
1376 899 1619 953 dampnosa
1650 899 1802 953 ingens
1835 914 1886 941 ex
1917 901 2002 942 isto

223 969 273 1011 fit
310 969 518 1020 fenestra,
561 969 605 1010 et
644 968 688 1010 id
727 970 829 1010 ante
871 982 1023 1010 ornnes
1068 969 1215 1010 minus
1258 969 1419 1011 decens
1462 983 1558 1011 esse
1592 970 1775 1011 Francie
1809 971 2000 1024 regibus,

225 1040 550 1095 subiungendo,
593 1053 707 1091 cum,
746 1042 797 1082 ut
829 1039 1082 1093 perhibent,
1116 1041 1170 1082 ab
1203 1054 1282 1083 evo
1316 1040 1495 1082 fuerunt
1526 1041 1659 1083 totius
1692 1043 1833 1083 status
1866 1043 2003 1083 eccle-

226 1112 396 1156 siastici
418 1111 706 1165 omniumque
728 1111 870 1166 ipsius
894 1111 1199 1154 ministrorum
1223 1113 1555 1154 conservatores
1579 1113 1750 1166 pugiles
1773 1114 1817 1154 et
1840 1113 2001 1154 athlete

226 1184 484 1238 singulares.
549 1183 613 1225 Ex
652 1197 740 1237 quo
779 1183 926 1225 minus
967 1183 1236 1226 conveniens
1281 1185 1356 1225 aut
1397 1196 1639 1237 congruum
1681 1183 1772 1226 fore
1815 1184 2002 1235 videtur,

158 1255 209 1296 15
227 1269 329 1311 erga
367 1268 590 1297 summum
633 1254 889 1308 pontificem
927 1256 1063 1297 talem
1107 1268 1186 1308 per
1221 1268 1299 1296 nos
1334 1254 1439 1296 eniti
1477 1254 1736 1309 petitionem
1768 1254 2002 1307 impetrare

226 1341 406 1382 quoquo
450 1327 582 1369 modo
620 1327 690 1369 vel
726 1326 954 1381 prosequi.
1019 1326 1088 1368 Ad
1121 1327 1240 1380 quod
1271 1326 1358 1368 iam
1391 1326 1497 1368 satis
1531 1327 1767 1368 admodum
1799 1325 2002 1379 superius

227 1401 296 1442 est
327 1411 605 1453 responsum,
645 1398 722 1440 ubi
767 1399 930 1440 dicitur
973 1401 1016 1439 et
1048 1412 1151 1439 vere
1187 1398 1361 1449 dicitur,
1412 1411 1464 1439 ex
1497 1397 1636 1450 gratia
1668 1399 1712 1439 et
1745 1396 2003 1438 auctoritate

228 1471 390 1512 summi
413 1468 636 1524 pontificis
660 1482 740 1523 per
763 1469 911 1512 omnia
934 1470 1015 1511 hec
1037 1469 1148 1521 fieri,
1183 1471 1226 1510 et
1250 1470 1304 1511 ad
1328 1468 1687 1522 consequentiam
1711 1468 1755 1509 in
1778 1469 2003 1520 posterum

229 1541 346 1585 trahi
378 1555 467 1583 non
498 1555 646 1595 posse,
680 1544 900 1596 quantum
923 1555 1171 1596 possumus,
1205 1542 1513 1594 protestamur.
1569 1540 1635 1591 Et,
1670 1541 1719 1580 ut
1741 1537 2004 1580 submissius

158 1611 370 1656 20unum
416 1613 587 1667 loquar,
634 1612 743 1666 quid
788 1614 938 1654 essent
987 1615 1032 1654 et
1072 1626 1159 1666 quo
1201 1612 1440 1653 evaderent
1477 1610 1587 1663 regis
1631 1609 1811 1651 Francie
1849 1608 2005 1650 eximia

229 1684 416 1727 servicia
446 1685 663 1727 hactenus
697 1685 884 1726 ecclesie
918 1676 1221 1739 multipliciter
1254 1684 1469 1737 impensa,
1503 1683 1617 1723 sicut
1641 1681 1830 1734 ingenue
1854 1679 2004 1733 sepius

229 1756 449 1810 repetitis,
487 1757 618 1811 pater
660 1758 826 1809 sancte,
873 1756 959 1798 nisi
1004 1755 1161 1797 eximie
1201 1754 1339 1809 gratie
1378 1753 1469 1807 regi
1507 1752 1665 1794 eximio
1708 1751 2003 1805 largirentur?

230 1827 317 1880 Qui
358 1828 396 1870 si
428 1841 517 1869 non
550 1830 793 1883 expeteret,
833 1827 885 1880 ei,
927 1829 976 1869 ut
1008 1841 1096 1869 non
1130 1827 1295 1868 insulse
1328 1825 1509 1879 quidam
1541 1824 1752 1875 iudicant,
1793 1823 2005 1864 deberent

230 1901 391 1954 sponte
442 1898 570 1941 mitti.
644 1900 851 1953 Paceque
895 1898 1137 1940 dicentium
1183 1910 1357 1950 semper
1399 1896 1532 1948 salva,
1574 1895 1686 1936 male
1728 1896 1771 1935 et
1814 1892 2004 1946 insipide

159 1968 214 2011 25
230 1972 511 2027 assumptum
534 1971 724 2023 videtur,
758 1970 964 2013 illicitum
987 1970 1071 2012 dici
1093 1970 1162 2012 vel
1186 1970 1494 2022 dampnosum,
1526 1961 1787 2020 petitionem
1811 1965 2005 2005 nostram

230 2042 512 2085 sanctitatem
545 2045 741 2085 vestram
774 2055 982 2095 annuere,
1017 2042 1162 2084 dantis
1195 2039 1383 2082 maxime
1416 2053 1465 2081 ac
1497 2037 1749 2092 recipientis
1783 2035 2005 2089 qualitati-

229 2115 315 2157 bus
360 2113 634 2169 ponderatis.
709 2114 962 2156 Alexander
1015 2113 1208 2164 Macedo,
1262 2125 1363 2153 cum
1414 2110 1565 2152 infimo
1618 2107 1791 2150 cuidam
1837 2105 2006 2148 verenti

230 2185 425 2241 recipere
467 2199 628 2227 munus
669 2186 836 2239 grande
877 2184 1122 2236 tribuisset,
1166 2183 1339 2234 adiecit,
1383 2182 1561 2223 dantem
1602 2193 1690 2221 non
1722 2177 2006 2231 recipientem

231 2258 476 2300 attendere.
540 2257 661 2308 Quid
701 2271 806 2299 vero
848 2257 1010 2311 egisset
1050 2256 1145 2310 ipse
1184 2268 1260 2296 rex
1291 2252 1506 2295 maximus
1539 2264 1619 2305 pro
1653 2264 1751 2302 rege
1783 2247 2006 2290 maximo?

160 2326 217 2367 30
232 2330 323 2371 Res
354 2328 556 2383 profecto
589 2328 801 2371 maximas
834 2330 879 2370 et
911 2326 1306 2380 inexsuperabiles,
1339 2325 1389 2366 ut
1421 2324 1487 2365 est
1519 2322 1797 2363 consecutive
1831 2320 1886 2361 ad
1907 2332 2007 2372 pre-

230 2400 367 2443 missa
411 2401 769 2454 supponendum.
833 2399 1122 2452 Dicendoque
1170 2398 1418 2446 veritatem,
1463 2394 1498 2435 si
1538 2396 1685 2435 tamen
1723 2403 1878 2445 parum
1920 2402 2007 2430 non

230 2471 508 2527 prospiciant
547 2471 677 2524 oculi,
722 2471 879 2526 petitio
918 2483 996 2512 seu
1039 2470 1249 2524 requesta
1294 2467 1549 2522 supratacta
1590 2463 1705 2506 cedit
1748 2462 1793 2503 in
1833 2473 2007 2503 conser-

230 2544 458 2586 vationem
491 2544 537 2585 et
569 2543 898 2595 solidationem,
933 2542 1054 2596 quod
1086 2540 1344 2582 collationes
1378 2550 1518 2592 penes
1551 2536 1700 2577 sedem
1723 2531 2007 2587 apostolicam

232 2616 528 2668 remanerent,
561 2617 606 2656 et
627 2615 675 2657 in
698 2614 970 2656 contrarium
999 2612 1149 2654 forsan
1181 2610 1356 2652 veniret
1387 2606 1636 2650 huiusmodi
1666 2604 1801 2657 gratie
1825 2601 2005 2656 negatio.

161 2680 217 2723 35
233 2686 326 2728 Nec
359 2685 570 2740 cuiquam
602 2686 657 2728 de
689 2685 899 2740 opposito
933 2684 1172 2740 prudentia
1204 2684 1352 2724 vestra
1383 2680 1546 2729 credat,
1578 2676 1784 2730 quoniam
1808 2671 2006 2714 officiarii

232 2757 350 2811 regis
388 2757 630 2811 regineque
672 2771 722 2800 ac
763 2757 930 2815 domini
977 2756 1064 2798 mei
1102 2768 1253 2797 eorum
1291 2749 1586 2807 primogeniti,
1632 2747 1706 2800 qui
1746 2744 1873 2786 multi
1905 2744 2007 2784 sunt

232 2831 279 2871 et
309 2842 475 2882 magnev
499 2828 777 2872 auctoritatis
809 2828 908 2881 viri,
952 2842 1006 2869 ex
1046 2827 1131 2868 isto
1170 2825 1307 2878 magis
1341 2836 1391 2864 ac
1421 2821 1559 2873 magis
1600 2815 1822 2859 sanctitati
1863 2815 2006 2855 vestre

232 2899 412 2943 obnoxii
445 2900 577 2942 erunt
609 2901 653 2942 et
685 2913 766 2954 pro
800 2913 866 2952 ea,
899 2899 974 2941 ubi
1008 2911 1137 2940 casus
1168 2894 1386 2944 inciderit,
1425 2904 1552 2945 agere
1585 2887 1841 2930 annitentur
1872 2886 1927 2936 et,
1959 2884 2006 2924 ut

351 3052 384 3090 a)
403 3052 518 3081 vestra
536 3051 699 3082 sanctitas
719 3051 840 3081 Druck.
