2216 3432
442 205 485 244 B.
511 205 656 241 Johann
678 203 820 242 XXIII.
845 204 920 240 und
944 180 1033 240 karl
1058 204 1246 239 Malatesta
1273 198 1365 239 1410
1389 204 1464 239 und
1492 205 1595 242 1411.
1622 204 1684 242 Nr.
1708 206 1742 241 4.
1934 195 1987 237 31

199 314 263 358 sic
296 314 495 358 futurum
528 326 626 356 esse
667 324 770 368 spes
807 313 970 365 oritur,
1019 325 1072 355 ex
1113 313 1242 368 parte
1280 312 1342 354 rei
1385 326 1443 355 an
1479 311 1693 364 hominis,
1735 313 1772 356 si
1804 314 1990 368 prelatis

199 386 440 430 difficultas
472 386 553 433 est,
576 386 621 427 et
649 383 932 439 experiencia
955 385 1127 438 probat,
1159 383 1364 426 subditos
1388 384 1625 438 corrigere,
1659 384 1765 439 quia
1787 385 1843 426 ad
1867 384 1989 438 alios,

200 471 257 501 ne
289 457 563 511 confugiant,
596 456 784 499 timent?
846 456 1157 510 Multiplicatis
1190 454 1455 498 adversariis
1495 455 1714 509 numquid
1747 455 1990 499 difficultas

199 530 371 573 tollitur
403 530 481 571 aut
512 528 731 583 augetur?
797 528 1010 570 Preterea
1052 528 1090 569 si
1127 527 1260 570 homo
1298 526 1381 569 iste
1423 539 1567 569 mores
1607 540 1697 568 non
1731 527 1985 579 mutaverit,

158 600 305 656 5quid
336 599 495 655 pocius
534 599 807 642 credendum
850 600 938 646 est,
978 599 1047 640 vel
1085 599 1205 653 quod
1237 599 1330 640 suis
1367 597 1552 653 prelatis
1595 599 1896 654 complaceat,
1941 602 1990 642 ut

199 671 288 727 ipsi
319 672 625 726 complaceant
657 670 756 724 sibi,
794 670 904 725 quin
943 683 1089 724 ymmo
1132 669 1370 712 ambicioni
1410 670 1609 724 ipsorum
1642 669 1895 724 indulgeat,
1941 673 1989 713 ut

198 743 282 799 ipsi
313 756 391 785 sue
423 743 624 794 faveant,
658 743 736 784 aut
768 742 888 796 quod
919 741 1041 795 ipsos
1074 741 1317 796 corripiat?
1368 741 1523 784 Dicam
1555 741 1698 794 mosa)
1732 755 1912 785 versus:
1952 744 1991 783 30'

199 815 322 856 ceteri
350 815 510 864 sileant,
544 815 660 854 ‘racio
683 814 878 869 preteriti
906 813 1052 865 f'utura
1083 813 1189 853 seire
1212 813 1335 867 flssit·
1354 814 1386 869 ¹)

319 887 528 928 Preterea
561 886 616 927 de
649 885 731 927 hoc
764 884 935 927 dictum
968 886 1035 926 est
1068 884 1115 925 in
1146 885 1344 938 capitulo
1378 883 1621 939 superiori,
1654 884 1775 938 quod
1808 884 1989 939 incipit:

112 957 376 1000 .IODictum
409 960 496 1007 est,
530 957 651 1011 quod
692 956 778 999 alio
818 956 1000 1009 indiget,
1052 957 1095 998 et
1128 956 1301 998 duobus
1358 955 1677 1010 sequentibus,
1733 958 1777 998 et
1819 957 1867 998 in
1899 956 1990 999 fine

200 1029 398 1084 capituli,
433 1029 554 1083 quod
584 1028 764 1082 incipit:
797 1021 899 1070 Alia
932 1026 1107 1081 raci0.2)

320 1101 398 1142 Set
429 1100 542 1143 forte
581 1100 728 1142 adhuc
770 1099 988 1142 fallaciam
1027 1102 1332 1154 proponentes
1373 1099 1525 1141 dicent
1564 1099 1795 1141 dominum
1829 1100 1990 1142 Iohan-

199 1185 302 1214 nem
333 1173 498 1214 multos
531 1171 797 1214 sublimasse
830 1171 1038 1223 famosos,
1071 1171 1183 1213 forte
1216 1171 1316 1225 plus
1349 1184 1485 1225 quam
1519 1171 1587 1212 sui
1621 1171 1988 1224 predecessores3

201 1243 428 1299 exemplar
478 1245 732 1298 proponent
780 1244 833 1285 de
876 1242 1181 1285 cardinalibus
1223 1255 1305 1296 per
1344 1256 1445 1284 eum
1493 1243 1621 1284 factis
1660 1243 1785 1285 iuxta
1828 1243 1990 1296 eum.3)

132 1315 186 1357 15
201 1314 378 1369 Audite,
412 1315 617 1369 supplico
650 1315 839 1357 relatum
875 1314 1030 1357 michi:
1063 1314 1214 1368 Inquit
1246 1315 1365 1356 enim
1398 1314 1598 1367 publice,
1632 1317 1879 1368 antequam
1910 1315 1991 1356 hos

201 1386 506 1439 sublimasset,
555 1387 676 1440 quod
723 1387 986 1428 intendebat
1039 1387 1294 1440 constipare
1343 1399 1390 1428 se
1442 1386 1550 1428 viris
1603 1386 1804 1440 undique
1859 1387 1990 1428 claris

201 1458 393 1500 sciencia
426 1460 470 1500 et
492 1458 641 1510 armis,
675 1471 788 1512 quos
821 1471 951 1500 suum
984 1457 1055 1500 ius
1079 1458 1270 1499 sciencie
1303 1457 1500 1511 ferrique
1523 1456 1667 1511 gladio
1701 1471 1792 1500 non
1815 1457 1991 1500 timeret

202 1530 433 1572 defensare
466 1543 556 1571 non
588 1543 733 1584 posse.
799 1530 893 1571 Hec
925 1530 1062 1583 igitur
1095 1542 1229 1571 causa
1263 1528 1361 1571 fuit.
1432 1529 1533 1570 Non
1567 1532 1718 1571 tamen
1752 1529 1878 1571 fallat
1912 1543 1991 1571 nos

201 1600 276 1642 sic.
344 1601 459 1642 Nam
508 1601 670 1643 multos
718 1602 896 1641 sciencia
942 1601 1071 1655 instat,
1128 1614 1240 1654 quos
1289 1602 1448 1641 caritas
1499 1614 1586 1642 non
1625 1600 1857 1655 edificat4),·
1910 1613 1992 1643 nec

132 1674 188 1715 20
204 1672 333 1725 elegit
366 1673 572 1714 dominus
607 1674 759 1715 noster
792 1673 948 1714 Ihesus
983 1673 1187 1714 Christus
1226 1672 1364 1714 forcia
1406 1673 1560 1714 mundi
1605 1671 1650 1713 in
1682 1671 1992 1715 fortitudinem

202 1743 387 1786 ecclesie
420 1745 489 1785 set
520 1743 710 1795 infirma,
744 1746 794 1786 ut
816 1743 953 1785 forcia
984 1757 1161 1797 queque
1184 1743 1489 1786 confunderet.
1540 1744 1728 1793 Horum,
1762 1744 1992 1797 deprecor,

202 1816 306 1857 ante
338 1829 474 1870 opera
506 1815 807 1868 scissitamini,
840 1829 974 1870 quam
1014 1829 1094 1869 per
1138 1829 1212 1857 eos
1238 1815 1470 1858 ecclesiam
1513 1815 1841 1857 reformandam
1875 1815 1992 1857 iudi-

201 1886 334 1939 cetis,
368 1899 455 1940 que
487 1886 533 1928 in
567 1887 631 1928 eis
665 1889 769 1928 sunt
799 1888 990 1942 probata
1023 1889 1067 1929 et
1087 1887 1208 1941 quod
1240 1887 1407 1929 bonum
1441 1888 1524 1936 est,
1557 1888 1727 1939 tenete,
1768 1887 1991 1940 reliquum

201 1971 319 2008 vero,
354 1971 409 2000 ne
440 1971 520 1999 vos
553 1958 759 2013 decipiat,
793 1958 968 2001 abicite.

131 2030 185 2071 25
321 2029 482 2071 Dicant
522 2030 786 2072 canonicum
833 2030 972 2083 magis
1015 2031 1201 2071 mortem
1239 2030 1334 2072 eius
1376 2028 1616 2083 prestolari
1665 2031 1748 2071 etc.
1821 2029 1992 2071 Tedeat

200 2113 271 2142 me
320 2099 537 2142 notoriam
585 2101 682 2143 eius
724 2100 954 2143 infamiam
1002 2103 1186 2155 propter
1238 2101 1473 2143 veritatem
1521 2101 1805 2142 revelandam
1839 2100 1993 2143 multis

199 2170 430 2214 testificari
464 2173 690 2225 oportere,
731 2172 943 2227 quoniam
976 2173 1120 2215 malus
1154 2173 1238 2215 fuit
1270 2185 1352 2214 nec
1386 2171 1550 2214 noticia
1583 2172 1638 2214 de
1672 2172 1990 2214 emendacione

200 2242 406 2285 habetur.
458 2243 576 2294 Quid
623 2243 761 2297 magis
793 2244 1082 2286 iudicandum
1125 2245 1212 2295 est,
1261 2244 1330 2286 vel
1364 2244 1484 2298 quod
1523 2243 1610 2285 sibi
1650 2243 1819 2285 similes
1860 2243 1993 2286 faciat

201 2314 395 2369 prelatos
429 2314 476 2356 in
509 2315 723 2366 moribus,
757 2315 793 2357 si
827 2317 1005 2369 tempus
1039 2316 1314 2367 exhibeatur,
1349 2328 1406 2357 an
1439 2315 1683 2369 oppositos,
1718 2329 1819 2357 cum
1853 2315 1993 2357 soleat

131 2386 188 2428 30
202 2385 512 2440 unusquisque
545 2386 630 2428 sibi
664 2387 808 2429 simile
841 2387 1050 2440 diligere?
1098 2388 1263 2429 Verum
1296 2386 1457 2438 eciam,
1491 2385 1600 2440 quid
1634 2386 1772 2439 magis
1806 2387 1993 2428 ecclesie

202 2458 382 2511 expedit
422 2458 754 2516 refoi'macioni,
797 2458 1115 2512 multiplicacio
1147 2459 1419 2513 prelatorum
1459 2457 1804 2500 ambiciosorum
1856 2457 1993 2499 lubri-

201 2541 446 2582 corumque
489 2542 545 2570 an
587 2529 836 2572 bonorum?
901 2530 947 2572 Si
989 2530 1134 2571 bonus
1177 2529 1312 2583 igitur
1352 2531 1440 2582 est,
1479 2532 1659 2582 tempus
1702 2528 1789 2570 sibi
1834 2542 1992 2571 conce-

203 2599 346 2651 datur,
392 2602 441 2641 ut
481 2600 623 2642 bonos
666 2601 848 2652 multos,
904 2601 1049 2654 qualis
1090 2600 1186 2654 ipse
1229 2602 1316 2652 est,
1367 2600 1502 2643 faciat
1547 2603 1590 2642 et
1632 2600 1851 2642 meliores.
1888 2632 1896 2641 .
1931 2632 1939 2641 .
1981 2632 1989 2641 .

202 2669 379 2724 DIcunt,
421 2671 525 2725 quia
564 2671 846 2714 indubitatus
884 2674 1037 2726 pastor
1079 2674 1160 2715 est.
1225 2673 1390 2714 Verum
1430 2671 1593 2725 fateor,
1642 2671 1680 2713 si
1728 2672 1811 2714 hoc
1852 2684 1988 2713 sensu

132 2801 188 2844 35
329 2813 358 2846 a)
379 2811 465 2839 illud
485 2813 522 2840 B.

325 2872 354 2916 ¹)
380 2871 442 2906 Iclc
468 2883 612 2918 vermay
644 2873 699 2907 die
734 2872 845 2908 Stella
882 2874 981 2908 nicht
1009 2859 1290 2908 nael12auveaesen.
1353 2873 1454 2909 Perse
1488 2874 1568 2908 smd
1600 2886 1637 2908 es
1670 2874 1707 2907 isc
1738 2873 1857 2907 dieser
1884 2871 1991 2906 form

204 2931 425 2966 schwerliclz.
488 2931 785 2967 Holersclzee'nlielc
810 2934 859 2968 ist
882 2933 936 2967 die
965 2933 1077 2968 Stella
1102 2933 1282 2968 verderht.

324 2991 353 3032 ςθ)
393 2990 458 3037 Ιζᾳί.
484 2990 711 3038 Amplissima
741 2987 910 3027 Collecti&
949 2992 1017 3036 VII,
1045 2992 1139 3027 1200
1167 2992 1203 3027 D
1229 2993 1302 3027 und
1326 2992 1417 3027 1204
1444 2992 1487 3026 E.

323 3050 353 3095 ⁸)
379 3050 535 3086 Hinweis
563 3051 632 3093 auf
651 3051 705 3086 die
730 3063 859 3098 yrosse
886 3052 1283 3099 Kardinalspromotion
1299 3052 1458 3087 Joleanns
1475 3051 1609 3086 XXIII.
1628 3063 1706 3086 vom
1733 3052 1766 3086 6.
1785 3051 1868 3085 Jani
1887 3050 1989 3084 1411.

132 3109 192 3154 40
326 3109 357 3157 ⁴)
382 3109 408 3145 I
431 3110 513 3146 Cor.
539 3110 602 3146 8α
627 3111 661 3147 1.
1559 3112 1561 3114 ’
