2216 3432
418 140 456 178 G.
497 141 676 176 Benedikt
699 142 810 190 XIII,
837 144 992 190 Spanien
1016 149 1088 183 und
1114 148 1176 185 das
1202 152 1421 190 Konstanzer
1444 157 1581 194 Konzil.
1625 160 1683 197 Nr.
1711 163 1767 198 94.
1885 153 1961 198 351

220 249 459 292 auctoritas
499 249 769 292 ommimoda
801 251 947 295 deficit
982 254 1026 296 in
1065 256 1224 300 talibus
1263 273 1342 313 per
1380 275 1525 305 sacros
1556 278 1741 310 canones
1772 258 1997 314 ordinata

219 322 264 364 et
301 321 364 363 sic
401 320 564 363 abinde
607 321 762 375 nichil,
821 325 939 377 quod
975 326 1178 370 virtutem
1222 329 1382 373 habeat
1425 334 1492 375 vel
1533 336 1750 392 effectum,
1796 342 1966 394 prodire

219 393 424 447 speretur
454 393 540 435 nisi
572 393 684 435 forte
716 395 1063 448 recognicionem
1087 400 1242 442 erroris
1264 401 1307 442 in
1330 402 1442 445 dicta
1464 409 1789 460 congregatione
1813 411 1968 453 Pisana

217 463 459 506 introducti
490 465 535 507 et
564 478 788 507 recessum
821 466 875 508 ab
907 468 1036 521 ydolo
1068 472 1317 523 supradicto
1349 477 1521 527 pareret
1551 476 1595 517 in
1627 479 1792 521 effectu.

177 535 203 578 5
337 534 440 578 Rite
473 549 576 590 ergo
610 537 655 578 et
685 537 798 579 iuste
830 538 1010 580 illustris
1042 553 1115 582 rex
1142 541 1357 596 Aragonie
1389 545 1540 586 abnuit
1561 560 1636 589 seu
1660 550 1798 591 renuit
1820 565 1967 604 quem-

215 606 337 661 piam
379 607 485 649 illuc
523 608 745 651 destinare
790 622 842 651 ex
884 611 1026 652 causis
1066 613 1290 666 predictis,
1335 615 1412 656 sed
1449 617 1583 670 magis
1622 619 1700 660 rite
1737 621 1779 661 et
1817 621 1968 662 iustius

217 678 424 720 dominus
462 680 615 721 noster
654 693 786 722 verus
820 671 980 723 Christi
1016 682 1201 725 vicarius
1243 685 1297 726 ad
1334 685 1379 726 id
1416 686 1627 742 mitterea)
1665 690 1706 730 et
1737 691 1876 732 minus
1910 693 1968 734 ire

216 749 422 803 decrevit,
456 763 557 792 cum
587 752 802 805 spoliatus
836 753 880 794 et
910 752 1086 795 inermis
1118 755 1210 797 iure
1243 769 1320 798 sue
1352 757 1602 799 obediencie
1633 759 1723 801 iure
1755 764 1968 804 communi

214 834 306 862 non
338 821 499 863 debeat
531 822 588 864 ad
618 823 754 865 talem
786 825 1171 878 congregacionem
1202 827 1245 868 et
1271 828 1455 870 maxime
1478 842 1555 882 per
1576 829 1788 872 intrusum
1812 846 1968 874 convo-

147 892 202 934 10
216 893 359 935 catam
402 894 612 936 accedere
652 895 722 936 vel
760 895 934 937 mittere
974 896 1065 937 ullo
1098 897 1241 938 modo.
1306 899 1393 939 Sed
1424 899 1518 952 ipso
1553 901 1762 954 restituto,
1796 905 1842 943 ut
1874 917 1968 956 pre-

213 964 431 1019 tangitur,
474 966 814 1019 rationabiliter,
854 966 968 1008 iuste
1012 969 1054 1009 et
1092 968 1253 1009 utiliter
1290 971 1439 1023 posset
1470 970 1573 1011 citra
1610 970 1742 1024 Alpes
1786 972 1828 1013 in
1866 973 1967 1014 locis

214 1036 419 1091 congruis
451 1038 495 1079 et
526 1037 789 1092 propinquis
823 1039 1103 1092 congregacio
1136 1039 1230 1080 11011
1262 1040 1491 1081 cuiuslibet
1512 1041 1660 1094 partis,
1693 1042 1766 1083 ubi
1789 1043 1841 1084 de
1864 1058 1967 1097 pace

213 1107 397 1151 ecclesie
427 1109 691 1151 tractaretur
723 1109 906 1151 solerter
938 1111 981 1151 et
1012 1110 1240 1152 indefesse.

332 1179 541 1222 Ceterum
587 1180 624 1222 si
671 1180 899 1235 prohiberi
945 1181 1126 1222 comode
1168 1183 1358 1235 nequeat
1403 1183 1542 1224 clerus
1590 1183 1643 1224 ab
1694 1196 1867 1225 accessu
1915 1185 1969 1225 ad

144 1250 196 1292 15
213 1251 605 1306 congregacionem
635 1252 892 1306 predictam,
925 1253 1250 1306 procurandum
1282 1254 1348 1294 est
1379 1253 1569 1305 omnino,
1604 1255 1645 1294 et
1676 1254 1777 1295 totis
1809 1255 1968 1295 viribus

210 1335 291 1376 per
322 1322 478 1365 fideles
510 1323 852 1377 disponendum,
896 1324 1015 1377 quod
1046 1323 1156 1364 tales
1188 1323 1289 1364 illuc
1321 1324 1528 1365 accedant
1559 1337 1637 1377 per
1669 1338 1778 1377 quos
1811 1339 1968 1378 oppor-

209 1395 320 1435 tuna
362 1395 482 1437 salus
516 1395 699 1437 ecclesie
738 1395 808 1436 vel
847 1394 1081 1448 disposicio
1115 1407 1305 1448 congrua
1344 1395 1398 1434 ad
1431 1395 1614 1435 eandem
1646 1395 1784 1435 modis
1817 1408 1967 1448 supra-

211 1466 385 1520 scriptis
416 1466 652 1509 efficaciter
683 1468 942 1521 procuretur
974 1467 1017 1508 et
1048 1466 1324 1519 contrarium,
1358 1466 1476 1518 quod
1508 1465 1774 1517 formidatur,
1807 1466 1966 1506 malum

211 1537 400 1580 evitetur
439 1539 484 1580 et
520 1539 676 1592 procul
714 1538 922 1593 pellatur,
965 1538 1007 1579 et
1038 1537 1082 1578 in
1119 1537 1185 1578 1115
1225 1537 1290 1578 051
1328 1536 1496 1577 cautela
1534 1549 1621 1576 11011
1663 1536 1832 1576 modica
1870 1549 1966 1575 011111

138 1607 195 1650 20
211 1609 357 1652 divine
389 1610 689 1652 misericordie
721 1609 926 1663 suffragio
960 1608 1209 1649 adhibenda
1240 1608 1283 1648 et
1310 1607 1422 1648 inter
1444 1607 1598 1657 cetera,
1632 1608 1676 1646 111
1701 1608 1799 1646 ante
1823 1606 1965 1645 onmia

209 1679 288 1722 fiat
320 1682 588 1735 protestacio
621 1695 830 1735 expressa
858 1682 900 1722 et
922 1679 1109 1734 publica,
1143 1678 1261 1732 quod
1284 1678 1561 1732 congregacio
1584 1677 1656 1717 illa
1678 1690 1756 1729 pro
1779 1676 1962 1729 generali

211 1752 396 1795 concilio
429 1753 609 1795 minime
641 1754 868 1795 habeatur.

330 1825 442 1866 Item
481 1824 582 1878 pius
615 1826 741 1878 pater
773 1823 1029 1878 premittens
1061 1820 1410 1863 benedictionem
1442 1818 1723 1871 apostolicam
1756 1816 1962 1869 1031110111-

208 1896 282 1936 1111·
311 1896 640 1938 venerabilibus
674 1896 873 1950 patribus
907 1896 949 1936 et
981 1892 1168 1947 precaris=
1201 1891 1300 1932 filiis
1333 1891 1385 1931 de
1407 1890 1487 1941 his,
1520 1902 1604 1941 que
1630 1889 1748 1940 parte
1772 1887 1961 1939 ipsorum

137 1964 193 2006 25
210 1979 310 2007 cum
351 1966 473 2008 fideli
511 1967 670 2008 affectu
709 1967 871 2009 suerint
907 1965 1118 2015 intimata,
1157 1961 1342 2003 ortando
1374 1960 1493 2013 ipsos
1525 1959 1578 1999 ad
1612 1957 1961 2011 prosecucionem

208 2038 541 2091 premissorum,
573 2039 707 2093 prout
738 2036 965 2079 honestius
998 2037 1039 2077 01
1069 2033 1286 2076 efficacius
1308 2031 1401 2072 fieri
1423 2029 1581 2083 poterit
1614 2029 1789 2081 propter
1812 2028 1960 2075 Deum,

209 2122 342 2162 quem
373 2109 492 2151 idem
523 2110 650 2163 pater
681 2123 761 2162 pro
795 2108 856 2150 eis
887 2108 1108 2149 viceversa
1139 2117 1262 2145 orare
1294 2116 1382 2143 non
1415 2102 1553 2142 cessat
1584 2099 1738 2139 affectu
1762 2099 1955 2150 paterno,

207 2180 257 2221 ut
288 2181 438 2234 potest
468 2180 626 2222 melius
660 2180 780 2233 apud
813 2180 965 2220 Deum.

328 2251 508 2293 Possint
557 2253 706 2293 autem
746 2250 837 2292 veri
877 2247 1077 2290 catholici
1122 2246 1273 2286 mutuo
1311 2257 1356 2284 se
1395 2241 1619 2282 absolvere
1657 2240 1699 2279 et
1738 2250 1833 2278 cnm
1876 2249 1959 2276 non

136 2322 193 2363 30
207 2322 433 2364 catholicis
466 2322 611 2363 officia
651 2322 802 2363 audire
836 2320 994 2371 divina,
1028 2316 1264 2358 dummodo
1298 2312 1461 2354 mixtim
1493 2324 1569 2351 5011
1602 2307 1842 2350 alternatim
1876 2318 1959 2346 11011

207 2392 403 2435 officient
435 2406 534 2434 cum
572 2393 751 2435 eisdem.
824 2391 965 2434 Scotis
998 2385 1301 2442 magistrandis
1335 2382 1507 2424 dabitur
1546 2378 1796 2427 auctoritas,
1835 2378 1881 2416 111
1918 2376 1958 2415 111

207 2464 362 2505 Scocia
403 2464 704 2518 magisterium
746 2464 800 2505 ab
851 2463 1058 2516 episcopo
1107 2456 1244 2499 sancti
1287 2454 1462 2496 Andree
1511 2450 1682 2504 publice
1735 2447 1959 2499 recipiant,

206 2535 446 2588 postquam
483 2535 657 2575 constet
694 2534 817 2587 ipsos
855 2544 1008 2573 cursus
1047 2529 1217 2570 debitos
1252 2525 1441 2568 Parisius
1479 2520 1694 2575 peregisse
1736 2517 1803 2558 vel
1836 2515 1958 2557 alicui

0 2598 11 2619 '
207 2604 422 2647 catholico
455 2604 594 2646 eciam
626 2604 935 2655 committetur,
969 2601 1043 2655 qui
1067 2598 1258 2642 Parisius
1292 2595 1456 2637 secreto
1494 2594 1638 2633 tamen
1670 2586 1958 2641 magisterium

136 2677 192 2720 35
207 2675 403 2719 conferat
435 2674 711 2728 supradictis.
775 2674 831 2715 Et
853 2674 889 2715 si
911 2686 991 2727 per
1013 2670 1165 2712 fideles
1188 2668 1365 2709 actenus
1388 2664 1446 2705 sit
1467 2662 1700 2715 receptum,
1733 2659 1785 2698 de
1807 2655 1958 2697 habili-

205 2749 296 2789 tate
328 2746 560 2801 provideat
592 2745 824 2798 oportuna.
1683 2797 1687 2805 1
1886 2795 1892 2803 .
1947 2794 1954 2801 .

325 2816 539 2871 Acceptat
570 2814 731 2857 Christi
759 2813 946 2856 vicarius
979 2812 1132 2854 fideles
1154 2808 1401 2851 oblaciones
1423 2802 1723 2856 magistrorum
1745 2798 1956 2839 Francism

207 2890 262 2933 de
284 2888 490 2932 Ecclesiis
523 2887 567 2928 et
597 2885 772 2927 Martini
803 2884 1036 2938 Talayer03
1070 2883 1113 2924 et
1135 2881 1170 2922 si
1192 2879 1353 2921 ibidem
1378 2873 1587 2929 proficere
1608 2868 1779 2911 valcant
1800 2864 1955 2906 iudicio

325 3054 356 3088 a)
376 3054 457 3081 Hier
475 3051 556 3086 fehlt
575 3049 741 3086 eiqentlich
760 3055 834 3076 non.
866 3047 956 3075 Doch
975 3046 1017 3074 ist
1037 3045 1087 3072 die
1114 3043 1309 3076 Veraci-num]
1328 3039 1430 3067 durch
1450 3037 1510 3064 das
1528 3034 1634 3062 minus
1652 3031 1747 3059 echon
1767 3026 1955 3062 amedeum·
