2216 3432
236 185 319 226 362
556 192 618 228 111.
645 191 845 226 Abschnitt.
895 188 1168 235 Vorgeschiehte
1194 188 1256 223 des
1281 188 1505 223 Konstanzcr
1529 186 1689 226 Konzils.

235 300 394 352 dilecti,
426 298 735 353 proponebant
766 310 846 340 nos
878 295 1172 350 personaliter
1203 295 1408 346 visitare,
1449 294 1504 336 de
1537 308 1625 349 quo
1667 293 1833 338 fuimus
1863 294 2004 350 pluri-

234 385 353 413 mum
385 369 615 412 consolati.
687 368 1031 409 Considerantes
1069 366 1288 420 profecto,
1327 366 1447 420 quod
1490 364 1683 419 negotia,
1725 364 1803 419 qui
1841 365 2006 408 debent

234 440 413 483 tractari
446 440 561 482 inter
601 440 763 493 regiam
796 438 1079 480 serenitatem
1122 436 1368 492 predictam
1406 438 1450 478 et
1490 435 1655 490 regales
1694 435 1917 491 principes
1949 436 2004 479 de
2159 425 2162 427 ‚
2200 402 2216 512 1

235 511 418 553 Francia
451 514 491 553 et
527 524 607 552 nos
641 510 877 563 utrobique
910 510 952 550 et
975 508 1201 558 maturari,
1234 509 1338 550 sunt
1370 507 1481 549 adeo
1513 507 1652 549 ardua
1684 508 1726 548 et
1757 507 1869 549 tanti
1891 519 2004 561 pon·
2207 514 2216 517 “

236 582 364 626 deris.
403 582 520 635 quod
554 582 823 622 concernunt
859 582 1025 621 statum
1058 591 1321 632 prosperum
1355 577 1489 620 totius
1522 577 1871 630 christianitatis,
1905 578 2046 621 uni-5

235 653 348 694 versi
390 651 509 693 orbis
542 651 931 706 tranquillitatem,
971 649 1323 703 purificationem
1356 650 1397 690 et
1432 648 1790 691 reformationem
1823 648 2005 691 ecclesie

236 722 513 773 universalis,
548 721 737 763 Romani
772 720 941 775 imperii
977 722 1259 774 augmentum
1302 733 1382 761 nec
1415 732 1504 761 non
1542 718 1815 761 inclitissime
1847 720 2005 762 domus

236 792 418 834 Francie.
465 795 508 834 et
550 792 669 846 regni
710 792 848 846 ipsius
882 792 1157 832 commodam
1201 793 1246 832 et
1288 789 1563 832 affectualem
1603 789 2006 832 reconciliationem

235 862 555 917 pacificumque
588 866 753 904 statum
788 864 829 902 et
864 862 1177 903 exaltationem
1211 861 1380 915 prefate
1404 861 1560 902 domus
1583 860 1765 903 Francie
1798 862 1841 903 et
1872 860 2006 904 etiam

235 935 389 975 domus
436 937 582 975 nostre
626 933 1021 986 Lucemburgensis
1064 933 1224 973 virtute
1267 932 1393 974 unita
1431 932 1709 986 procuranda
1747 931 1931 974 feliciter
1963 933 2006 974 et
2025 932 2078 974 10

235 1004 472 1057 dirigenda,
512 1004 609 1045 ideo
650 1004 881 1045 videbatur
915 1002 1059 1052 nobis,
1102 1003 1220 1056 quod
1261 1005 1350 1044 tam
1384 1003 1523 1044 ardua
1560 1005 1603 1044 et
1641 1016 1801 1056 magna
1832 1002 2008 1057 negotia

235 1088 320 1116 non
362 1077 542 1127 possent
581 1088 659 1129 per
698 1078 895 1116 oratores
939 1075 1030 1115 sive
1082 1074 1347 1115 mediatores
1395 1073 1628 1128 quospiam
1677 1076 1908 1117 extraneos
1945 1075 2007 1116 ita

234 1145 345 1186 bene
383 1147 426 1186 et
469 1146 703 1187 accomodo
737 1145 907 1191 deduci,
951 1144 1149 1195 tractari,
1191 1145 1400 1186 maturari
1441 1146 1483 1186 et
1522 1144 1739 1187 moderari
1783 1145 1878 1186 sine
1911 1144 2007 1186 lon-

235 1216 416 1269 gissimo
450 1216 680 1257 intervallo
723 1219 765 1257 et
807 1216 1018 1269 temporis
1051 1216 1321 1270 perditione:
1363 1229 1441 1269 pro
1479 1229 1531 1257 eo
1570 1216 1685 1257 inter
1726 1215 1811 1257 alia
1851 1214 2006 1269 quevis

234 1286 353 1327 cordi
402 1290 552 1328 nostro
601 1287 854 1328 inherencia
896 1287 1038 1328 visum
1082 1287 1209 1328 nobis
1257 1286 1339 1328 suit
1387 1300 1468 1341 pro
1516 1286 1683 1328 salubri
1726 1285 2006 1341 expeditione
2026 1286 2077 1328 15

233 1357 567 1409 premissorum,
609 1361 699 1408 utss)
750 1358 915 1411 regales
958 1358 1186 1412 principes
1224 1359 1277 1399 de
1312 1358 1510 1409 Francia,
1558 1357 1764 1399 videlicet
1802 1357 2007 1400 dominus

234 1427 469 1481 delphinus
507 1430 593 1470 dux
626 1429 927 1484 Aquitanie¹),
970 1430 1174 1471 dominus
1214 1443 1287 1471 rex
1323 1430 1577 1471 Ludouicus
1609 1428 1888 1483 Andagauie,
1930 1429 2007 1471 do-

234 1498 338 1539 mini
372 1497 679 1549 Bituricensis,
727 1500 1027 1542 Bor-bonensis
1066 1502 1109 1541 et
1151 1500 1359 1542 Barensis
1403 1500 1537 1541 duces
1577 1513 1665 1541 una
1696 1498 1925 1542 vobiscum
1963 1501 2007 1541 et

233 1568 316 1619 alii,
350 1582 461 1622 quos
494 1571 547 1611 ad
589 1571 669 1611 lmc
705 1572 819 1625 regia
858 1571 1073 1612 serenitas
1113 1571 1267 1612 eadem
1308 1571 1488 1613 duceret
1522 1570 1746 1624 eligendos
1787 1571 1831 1611 et
1874 1569 2004 1612 etiam

234 1640 431 1681 nonnulli
468 1641 662 1694 magistri
698 1642 914 1695 theologie
948 1645 990 1683 et
1023 1642 1097 1684 alii
1131 1643 1332 1684 doctores
1366 1642 1419 1684 de
1453 1641 1741 1683 universitate
1766 1640 2079 1684 Parisiensiw

234 1710 276 1750 in
311 1710 455 1763 aliquo
490 1711 581 1753 loco
614 1713 784 1766 ydoneo
818 1713 1112 1766 personaliter
1146 1713 1377 1755 nobiscum
1410 1712 1710 1755 convenirent.
1765 1712 1820 1754 Et
1853 1724 2007 1753 revera

233 1780 403 1822 incitati
437 1784 478 1823 et
519 1782 660 1823 allecti
700 1784 1083 1826 exhortationibus
1118 1783 1346 1827 memorati
1380 1783 1603 1826 Mansardi
1634 1783 1834 1826 volentes
1868 1781 2007 1825 nichi-

234 1851 421 1893 lominus
454 1866 479 1894 a
511 1853 734 1895 laboribus
774 1858 818 1896 et
853 1855 982 1908 fatiga
1015 1855 1185 1897 itineris
1227 1855 1449 1909 prefatum
1483 1854 1710 1897 dominum
1743 1854 1899 1896 ducem
1931 1852 2007 1895 Bi-

232 1922 497 1964 turicensem
512 1923 545 1975 2)
605 1927 831 1979 tamquam
885 1929 1054 1980 patrem
1105 1928 1305 1967 nostrum
1352 1925 1629 1968 carissimum
1676 1921 2005 1978 supportareb)‚

236 2006 574 2047 conceperamus
614 1996 759 2037 stabili
793 1998 940 2038 mente
974 2011 1054 2051 pro
1089 1997 1321 2039 tractando
1353 1998 1396 2038 et
1433 1994 1735 2038 concludendo
1766 1997 1857 2037 tam
1888 1993 2006 2036 salu·
2021 1995 2077 2037 25

234 2063 422 2105 beri-ima
462 2066 506 2105 et
540 2066 774 2109 utilissima
813 2067 986 2119 negotia
1027 2067 1256 2109 vobiscum
1297 2070 1342 2109 et
1380 2067 1539 2109 ceteris
1583 2065 1804 2120 regalibus
1841 2064 2008 2120 princi-

233 2133 363 2187 pibus
398 2135 576 2177 Francie
611 2137 654 2177 in
678 2137 857 2180 civitate
881 2138 1190 2189 Aninionensi,
1226 2152 1313 2180 non
1338 2138 1560 2192 parcendo
1592 2137 1821 2179 laboribus
1844 2136 2007 2179 nostris

238 2206 281 2245 et
315 2206 533 2258 expensis,
566 2208 855 2260 personaliter
890 2223 968 2250 nos
1001 2209 1199 2251 invenire
1237 2211 1280 2251 et
1312 2209 1356 2250 in
1396 2222 1534 2251 unum
1566 2208 1816 2258 convenire,
1853 2208 1898 2249 et
1929 2207 2007 2249 ab-

234 2275 355 2326 inde,
398 2279 528 2330 prout
577 2291 645 2319 res
687 2293 733 2320 se
778 2280 1067 2334 disponerent
1114 2293 1248 2322 causa
1281 2279 1488 2322 visitandi
1531 2278 1692 2332 regiam
1732 2277 2005 2320 maiestatem

234 2346 500 2389 Francorum
533 2352 681 2403 petere
725 2350 949 2393 civitatem
986 2351 1294 2393 Parisiensem.
1357 2350 1414 2392 Et
1450 2350 1507 2393 ob
1546 2350 1629 2391 hoc
1671 2348 2007 2403 provideramus
2021 2349 2079 2391 30

234 2416 483 2471 solempnes
530 2420 870 2463 ambassiatores
921 2425 1097 2464 nostros
1145 2422 1202 2464 ad
1249 2421 1410 2463 scitum
1447 2420 1608 2476 prefati
1646 2419 1867 2462 Mansardi
1906 2431 2007 2473 pre-

234 2488 406 2529 mittere
444 2491 489 2530 et
521 2490 575 2530 ad
608 2491 836 2533 Franciam
876 2493 1097 2543 destinare
1135 2495 1178 2535 et
1210 2493 1534 2546 consequenter
1566 2490 1748 2544 vestigio
1780 2490 2007 2543 accingere

235 2570 314 2599 nos
357 2560 410 2600 ad
449 2559 543 2612 iter,
584 2563 627 2602 et
666 2562 770 2604 dum
809 2563 968 2616 prefati
1011 2563 1353 2606 ambassiatores
1395 2563 1534 2605 nostri
1573 2563 1722 2604 essent
1759 2561 1815 2604 ad
1846 2561 1930 2603 iter
1960 2560 2007 2603 in

233 2629 461 2682 procinctu
490 2632 695 2687 parati-³),
729 2646 829 2675 ecce
862 2647 1012 2677 rumor
1034 2634 1255 2677 infaustus
1278 2633 1449 2676 auditui
1470 2635 1622 2677 nostro
1646 2631 1856 2684 innotuit,
1886 2630 2007 2686 quod

350 2769 381 2801 a)
402 2770 435 2796 et
454 2770 490 2796 Β.
529 2771 561 2805 b)
581 2772 659 2799 Man
677 2775 829 2800 artearte&
849 2773 995 2802 liberare
1016 2775 1095 2802 oder
1113 2774 1287 2802 ahnlichu.
2019 2771 2077 2815 35
2211 2786 2216 2823 1

357 2830 383 2873 ¹)
410 2829 488 2865 Der
515 2830 683 2878 Dauplein
708 2832 853 2879 Ludwiy
877 2834 969 2868 wir-d
992 2835 1081 2869 auch
1110 2833 1254 2880 Herzoq
1279 2845 1348 2869 von
1378 2833 1537 2869 Guienne
1560 2836 1726 2879 yenannt.

353 2888 380 2931 ²)
407 2887 550 2935 Herzog)
566 2890 705 2925 Johann
724 2903 793 2926 von
811 2892 939 2939 Berry‚
966 2893 1085 2927 Oheim
1110 2892 1172 2927 des
1189 2892 1469 2939 sranzb‘aiacken
1486 2890 1635 2938 Kb‘m‘98‚
1660 2901 1736 2926 war
1758 2889 1892 2924 damah
1918 2887 2007 2923 iiber

234 2945 368 2991 siebziy
393 2947 504 2982 Jahre
530 2949 590 2983 alt.

353 3005 381 3047 ³)
408 3005 459 3040 Im
494 3008 806 3054 vorkeryekenden
839 3009 964 3058 Bm‘efe
1002 3010 1155 3048 braucht
1188 3010 1286 3048 dieee
1331 3009 1507 3059 Wendunq
1545 3007 1750 3059 Siqisnmnd
1783 3017 1852 3043 von
1887 3005 2006 3042 wimer

234 3063 378 3111 eiyenen
402 3065 520 3104 Reiee.
