2216 3432
16 3229 18 3251 ⁴.
0 2811 42 3212 „ammovet-“v‘-

382 169 421 208 0.
446 157 643 213 Malatestiz,
669 167 805 216 Gregor
829 166 912 204 xri.
937 170 1011 205 und
1038 166 1214 205 Benedikt
1238 166 1340 208 xm.
1368 171 1612 208 1410—1413.
1642 169 1703 207 Νη
1735 175 1789 210 17.
1940 160 1994 207 79

330 281 479 324 Primo
519 279 713 321 salutare
749 277 896 332 ipsum
935 291 989 320 ex
1021 279 1149 332 parte
1197 278 1448 322 sanctitatis
1492 292 1571 321 sue
1619 281 1664 322 et
1707 282 2000 335 apostolicam

209 351 568 396 benedictionem
600 349 824 392 exhibere.
1497 389 1503 394 ,

330 423 536 467 Secundo
570 421 736 470 dicere,
769 420 891 474 quod
932 420 1029 474 ipse
1069 422 1276 464 dominus
1309 423 1461 464 noster
1506 434 1623 477 papa
1655 423 1826 477 gracias
1865 425 2001 467 refert

210 494 439 548 altissimo,
463 493 583 548 quod
617 492 671 534 de
703 490 824 534 fideli
860 491 1022 538 radice.
1045 492 1249 535 videlicet
1281 493 1398 535 clare
1431 493 1537 535 olim
1569 494 1783 537 memorie
1807 496 1998 550 Ruperti

169 566 195 609 5
211 566 327 621 regis
351 567 653 608 Romanorum
676 562 876 615 illustris,
911 563 1129 606 carissimi
1152 563 1232 606 filii
1256 578 1336 607 sue
1359 565 1628 614 sanctitatis,
1662 579 1843 619 germen
1867 566 1998 609 fidele

211 639 255 680 et
287 635 538 680 constancie
571 648 726 689 magne
759 635 944 677 ecclesie
977 648 1056 677 sue
1089 638 1242 678 sancte
1282 635 1328 676 in
1360 637 1487 678 tanta
1519 635 1732 690 precipue
1766 639 1999 692 oportuni-

211 710 303 752 tate
338 708 553 750 suscitare
589 706 793 759 dignatus
826 707 904 747 est.

331 779 488 822 Tercio
524 777 683 830 dicere,
717 777 846 830 quod
861 778 914 819 de
946 776 1033 820 fide
1066 779 1109 820 et
1132 778 1389 820 constancia
1421 791 1502 820 sua
1535 780 1579 820 et
1601 778 1793 821 fratrum
1816 794 1997 822 suorum

211 851 375 905 gaudet
408 852 452 892 et
484 848 818 903 congratulatur
850 862 1003 890 secum
1034 849 1079 891 in
1106 849 1287 891 domino
1321 850 1366 891 et
1400 850 1455 891 ad
1488 852 1863 904 perseverandum
1896 853 1999 894 lior-

144 923 330 965 lOtatur
374 934 560 976 sperans
608 919 813 972 indubie,
854 920 976 975 quod
1023 934 1182 974 magna
1230 921 1390 962 exinde
1435 922 1555 975 apud
1603 923 1824 976 optimum
1856 923 1996 966 Deum

210 993 516 1035 remuneracio
564 991 610 1033 in
657 990 879 1033 thesauris
931 992 1148 1034 immense
1200 993 1243 1034 et
1290 991 1480 1046 gloriose
1533 993 1849 1035 retribucionis
1902 995 1998 1036 eius

210 1063 438 1106 recondita
471 1065 552 1105 est.

329 1135 513 1186 Quarto,
548 1134 668 1188 quod
691 1135 932 1188 postquam
951 1134 1204 1177 Ariminum
1238 1135 1396 1190 apulit,
1428 1135 1505 1177 ubi
1539 1136 1693 1189 apcius
1727 1136 1885 1190 potuit⁷
1921 1138 1998 1178 do-

215 1205 336 1248 mino
384 1205 646 1256 auxiliante,
696 1206 810 1247 sicut
858 1205 998 1247 debiti
1038 1206 1106 1248 sui
1155 1208 1198 1248 et
1238 1206 1503 1248 intencionis
1544 1209 1623 1258 est,
1657 1209 1796 1250 multo
1834 1209 1997 1250 mentis

144 1280 194 1320 15
213 1278 378 1319 conatu
411 1276 722 1319 animadvertit
761 1277 980 1331 undique,
1013 1278 1176 1331 quibus
1210 1278 1293 1320 viis
1326 1281 1369 1320 et
1404 1279 1645 1332 quomodo,
1684 1281 1897 1333 operante
1932 1281 1998 1321 di-

212 1350 318 1390 vina
350 1348 612 1401 clemencia,
652 1350 805 1402 posset
836 1361 935 1390 cum
970 1349 1147 1392 racione
1180 1350 1335 1403 apcius
1369 1352 1413 1391 et
1446 1349 1633 1392 celerius
1666 1363 1837 1393 sacram
1872 1351 1997 1405 quie-

210 1421 299 1461 tem
332 1421 376 1462 et
407 1433 556 1462 veram
602 1419 995 1474 reintegracionem
1036 1423 1187 1463 sancte
1221 1422 1408 1463 ecclesie
1449 1423 1492 1463 et
1525 1421 1763 1464 christiano
1797 1423 1995 1464 exhiberi

210 1491 392 1545 populo,
425 1493 612 1545 pensata
645 1492 831 1533 materia
863 1493 906 1533 et
940 1491 1308 1534 circumstanciis.

331 1562 511 1614 Quinto,
546 1563 666 1616 quod
714 1562 1044 1617 circumspectis
1089 1564 1320 1615 omnibus,
1373 1577 1460 1618 que
1506 1564 1705 1618 predicte
1753 1564 1996 1606 intencioni

141 1635 198 1676 20
213 1633 463 1675 sanctitatis
510 1647 609 1685 sue,
656 1633 863 1675 videlicet
913 1634 1295 1687 reintegracionis,
1344 1634 1522 1688 quietis,
1572 1637 1615 1676 et
1662 1635 1996 1678 reformacionis

214 1704 399 1746 ecclesie
433 1706 634 1747 conferre
667 1705 911 1756 valuerint,
947 1705 1028 1747 hos
1062 1705 1269 1759 cogitavit
1302 1705 1523 1761 modosl),
1559 1705 1741 1759 quibus,
1776 1708 1996 1760 quantum

212 1775 397 1829 spiritus
430 1775 632 1818 altissimi
664 1775 882 1829 inspirare
915 1775 1120 1828 dignatus
1155 1778 1234 1826 est,
1270 1777 1415 1819 nullos
1449 1776 1739 1830 efficaciores,
1773 1777 1993 1820 cerciores

213 1848 256 1888 et
289 1847 363 1900 qui
410 1847 645 1889 conferant
685 1847 824 1900 magis
863 1847 1126 1888 adversariis
1166 1847 1281 1898 suis,
1325 1848 1449 1890 novit
1490 1848 1704 1902 reperire,
1747 1834 1995 1890 certificans

210 1931 334 1959 suam
384 1917 664 1960 nobilitatem
713 1931 887 1959 necnon
940 1919 1136 1970 ceteros,
1201 1919 1258 1960 ad
1305 1932 1418 1972 quos
1466 1918 1655 1972 predicti
1707 1920 1996 1973 pervenirent

139 1991 193 2031 25
209 1989 349 2041 modi,
399 1989 537 2043 quod,
599 1989 635 2031 si
682 1989 1042 2031 racionabiliores
1090 1989 1293 2031 scivisset
1341 1990 1560 2044 reperire·
1595 1990 1901 2044 cercioresque
1952 1993 1995 2032 et

209 2059 348 2112 magis
381 2060 694 2114 acceptabiles,
728 2060 901 2102 sincero
924 2062 967 2102 et
990 2073 1103 2114 puro
1128 2061 1260 2102 corde
1292 2061 1445 2114 utique
1469 2061 1777 2115 proposuisset
1810 2063 1855 2103 et
1889 2075 1992 2115 pro-

207 2132 395 2185 poneret
426 2133 559 2185 atque
583 2144 683 2173 cum
708 2131 854 2174 divino
884 2131 1048 2173 auxilio
1081 2133 1346 2185 prosecutus
1370 2132 1532 2174 fuisset
1564 2135 1609 2174 et
1632 2134 1991 2186 prosequeretur.

329 2202 476 2253 Sexto,
509 2203 650 2256 quod,
684 2202 800 2244 sicut
831 2203 967 2245 moris
1001 2205 1181 2257 patrum
1213 2205 1304 2255 est,
1344 2217 1446 2245 cum
1478 2203 1709 2245 nobilitate
1743 2218 1823 2245 sua
1855 2205 1994 2258 parti-

209 2272 358 2327 cipiat.
393 2287 480 2327 que
513 2275 702 2316 tractata
734 2275 839 2316 sunt
871 2287 971 2316 cum
997 2275 1128 2316 Petro
1162 2275 1215 2316 de
1249 2275 1375 2316 Luna
1408 2276 1452 2316 et
1486 2289 1585 2316 cum
1618 2275 1781 2316 illustri
1815 2275 1994 2317 domino

138 2346 193 2387 30
209 2343 382 2386 Infante
414 2344 672 2397 Fernando,
711 2345 787 2399 qui
821 2345 982 2387 dicitur
1014 2346 1189 2388 noviter
1221 2347 1364 2388 sactus
1398 2360 1474 2387 rex
1507 2346 1778 2400 Aragonum,
1822 2359 1993 2388 necnon

208 2427 309 2456 cum
341 2415 592 2458 oratoribus
626 2416 806 2458 Gallicis
840 2418 884 2458 et
916 2430 1016 2458 cum
1049 2417 1367 2459 communitate
1401 2417 1646 2459 Florencie.
1662 2417 1695 2470 2)

206 2533 274 2567 (len
299 2533 491 2579 Reyistern
523 2534 684 2580 Greyors
702 2535 910 2569 wz‘cderholt
924 2540 1089 2580 yenatmt.
1131 2534 1223 2568 1413
1247 2546 1323 2568 rwar
1342 2547 1382 2569 er
1402 2534 1595 2569 Kollektor.
1636 2534 1728 2568 1415
1745 2547 1800 2568 am
1820 2534 1874 2568 15.
1892 2535 1993 2568 Milytz

205 2592 305 2638 yiebt
335 2593 480 2639 Greyor
505 2593 587 2627 XII.
614 2594 682 2628 illm
708 2595 826 2638 presb.
854 2595 896 2628 <le
914 2595 1047 2636 Berlin,
1074 2595 1250 2628 baculario
1278 2595 1314 2628 in
1340 2595 1502 2636 decretis,
1539 2595 1893 2639 Brandenburgensis
1921 2595 1995 2627 (lio—

207 2653 308 2694 cesis,
335 2651 500 2698 Quittunq
524 2653 613 2688 iiber
638 2653 709 2687 420
740 2653 888 2697 Golden,
914 2654 969 2688 die
997 2665 1037 2688 er
1063 2654 1116 2687 als
1140 2653 1532 2688 Testamentseoeelrutor
1562 2654 1624 2687 des
1651 2653 1845 2687 bekannten
1863 2652 1993 2686 Karia-

137 2712 191 2754 35
209 2710 264 2745 len
291 2710 426 2756 Rotyer
452 2712 610 2746 Balleorn
636 2713 811 2756 (notarius
839 2715 873 2746 et
890 2713 1156 2747 ,referendarius
1182 2713 1319 2758 noster)
1347 2714 1603 2758 einqenommeu
1631 2713 1738 2746 hatte.
1781 2712 1859 2746 Der
1882 2711 1995 2757 Papst

206 2770 384 2815 yewc'ilzrte
410 2770 478 2804 ihm
504 2770 592 2804 aber
625 2781 688 2816 pro
706 2773 916 2806 necessariis
942 2775 1013 2806 tam
1040 2773 1077 2806 in
1095 2773 1211 2806 eundo
1241 2783 1344 2817 quam
1364 2773 1491 2806 stando
1518 2776 1552 2806 et
1571 2772 1748 2806 redeundo
1769 2772 1811 2805 de
1830 2772 1991 2816 partibus

208 2829 405 2871 Alamanie,
432 2840 501 2874 quo
528 2832 562 2864 te
589 2830 753 2865 duximus
781 2831 1030 2865 destinandum
1050 2832 1152 2866 einen
1183 2832 1293 2866 Thea.
1326 2831 1400 2866 Vat.
1420 2831 1569 2875 Archiv,
1587 2831 1722 2877 Reqbd.
1740 2830 1849 2876 338f.
1867 2829 1911 2864 77
1923 2830 1995 2864 und

208 2887 318 2923 119v.
345 2889 468 2932 („Gum
496 2889 611 2934 pro“.)
643 2889 717 2935 Vyl.
732 2890 898 2936 auclzfol.
914 2889 987 2924 922>
1011 2891 1083 2925 und
1094 2903 1126 2925 υ.
1141 2891 1174 2925 (Ι.
1190 2890 1310 2925 IJardt
1337 2890 1529 2925 Concilimn
1547 2890 1814 2925 Constantiense
1846 2889 1991 2932 J],466,

207 2959 260 2982 wo
286 2960 342 2982 am
357 2939 458 2983 Eride
483 2949 545 2983 (les
569 2948 701 2983 Jaleres
720 2949 814 2984 1413
839 2950 954 2984 Basso
980 2962 1059 2984 zum
1083 2951 1304 2985 zwee’tenmal
1327 2951 1380 2984 als
1402 2950 1602 2984 Gesandter
1623 2949 1783 2995 Greyors
1802 2948 1990 2983 erscheint.

136 3008 194 3050 40
331 3009 357 3052 ¹)
395 3007 460 3053 iifl.
488 3008 552 3042 Nr.
580 3008 612 3042 9.

329 3067 356 3108 2)
395 3066 460 3112 1'92.
489 3067 551 3101 Nr.
579 3067 636 3111 13,
663 3067 719 3112 14,
746 3067 803 3112 15,
830 3068 885 3102 16.
