2216 3432
333 158 375 195 B.
401 159 465 193 Die
491 157 552 192 der
576 148 717 191 Par-iser
743 157 960 192 Universitat
986 159 1211 204 vergelegten
1239 159 1494 204 Reformplane.
1536 161 1637 195 1411.
1676 162 1736 197 Nr.
1762 162 1818 197 32.
1879 151 1957 193 14⁴1

0 283 11 299 ι
300 266 344 322 [ξ
377 265 453 322 27]
516 266 626 307 Item
658 267 946 319 proponatur,
979 267 1098 319 quod
1129 266 1175 308 in
1207 266 1363 320 primis
1394 267 1589 309 conciliis
1613 267 1960 321 provincialibus
1987 315 1989 317 ,

53 327 56 329 ’
181 340 258 380 aut
290 336 574 391 synodalibus
607 338 829 379 statuatur
862 336 1045 390 prefatis
1077 337 1303 380 officiariis
1345 338 1428 379 sub
1461 352 1578 392 pena
1609 340 1961 381 excommunica-

181 408 320 451 cionis
359 408 576 459 inhibere,
615 421 671 450 ne
709 407 940 449 occasione
981 408 1049 449 sui
1083 407 1216 450 officii
1250 409 1465 462 pecunias
1498 409 1667 463 aliquas
1701 410 1961 464 suscipiant,

180 481 267 522 nisi
300 479 512 535 pecunias
546 479 609 521 eis
641 479 771 521 modo
803 479 848 519 et
881 479 977 520 iure
1010 492 1256 521 concessas.
1321 479 1533 522 Similiter
1565 480 1642 522 fiat
1674 482 1727 521 de
1757 482 1962 523 omnibus

13 553 84 588 ts
138 551 522 605 5quibuscunque
563 549 661 592 aliis
700 549 926 591 officiariis
967 551 1188 591 curiarum
1232 551 1593 606 spiritualium.¹)
1656 552 1710 593 Et
1742 551 1824 593 iste
1858 553 1962 594 arti-

180 623 306 664 culus
343 624 391 664 ut
426 622 671 676 precedens
714 620 893 662 fundari
927 622 1092 673 poterit
1125 635 1178 662 ex
1210 622 1421 663 abusibus
1455 624 1499 663 et
1531 622 1961 675 inconvenientibus,

130 707 133 710 ’
180 693 256 748 qui
289 694 543 735 acciderent
580 706 661 747 per
702 691 955 738 huiusmadi
994 691 1228 734 officiarios
1268 706 1358 734 non
1391 692 1675 735 conformiter
1707 695 1763 735 ad
1795 695 1964 736 statuta

179 764 480 807 ecclesiastica
522 777 652 806 suum
701 763 895 805 officium
938 765 1191 805 exercentes
1234 763 1279 804 in
1316 764 1606 817 vilipendium
1649 764 1963 806 iurisdictionis

180 836 476 878 ecclesiastice
510 837 554 876 et
587 835 921 881 detrimentum,
955 836 999 876 in
1034 849 1241 889 magnum
1273 849 1510 888 gravamen
1545 838 1589 877 et
1623 836 1783 877 malum
1818 850 1964 878 exem-

111 908 302 962 lOplum
343 907 637 959 subditorum,
676 907 722 948 in
765 906 1023 961 oppositum
1069 906 1217 958 finem,
1259 907 1315 948 ad
1353 920 1487 961 quem
1530 907 1780 948 huiusmodi
1821 907 1964 950 officia

179 978 441 1021 ordinantur
473 979 784 1020 convertenda.

299 1050 341 1105 [ξ
374 1051 451 1105 28]
514 1051 624 1092 Item
662 1051 953 1104 proponatur,
988 1050 1036 1091 ut
1068 1050 1324 1103 quicunque
1359 1049 1522 1091 domini
1558 1052 1601 1091 et
1632 1049 1800 1091 iudices
1834 1050 1963 1104 spiri-

180 1122 319 1164 tuales
351 1121 563 1164 ordinarii
603 1122 671 1163 vel
706 1122 893 1175 delegati
927 1135 1014 1162 non
1048 1123 1137 1163 tam
1172 1122 1330 1163 leviter
1367 1121 1411 1162 in
1446 1135 1549 1162 suos
1582 1122 1784 1162 subditos
1818 1122 1960 1163 ferant

179 1193 664 1236 excommunicaciones
704 1207 807 1235 suas
841 1193 1072 1247 potissime
1115 1193 1161 1234 in
1193 1193 1336 1235 causis
1371 1192 1622 1234 debitorum
1656 1193 1964 1247 temporalium

111 1265 163 1306 15
180 1266 223 1306 et
269 1264 431 1307 levium
479 1264 794 1321 iniuriarum‘2)
843 1266 929 1316 set,
981 1265 1185 1318 personis
1232 1263 1518 1312 iudicialiter,
1565 1264 1862 1318 personaliter
1909 1265 1962 1306 ad

179 1338 351 1389 partem
387 1337 691 1390 apprehensis,
725 1350 814 1390 quo
847 1337 903 1378 ad
934 1336 1190 1378 huiusmodi
1215 1335 1401 1377 iniurias
1425 1335 1665 1377 summarie
1688 1337 1731 1376 et
1754 1336 1807 1376 de
1831 1335 1964 1388 plano

179 1407 388 1450 officiales
421 1409 681 1462 procedant,
715 1410 890 1462 partem
922 1409 1146 1449 ledentem
1180 1408 1368 1461 benigne
1402 1407 1668 1448 inducentes
1701 1407 1757 1448 ad
1789 1406 1963 1448 veniam

179 1480 420 1533 petendam
458 1494 484 1521 a
523 1483 652 1533 parte
692 1481 784 1522 lesa
823 1493 922 1521 culn
946 1520 949 1522 ,
972 1479 1224 1533 penitencia
1275 1478 1461 1521 salutari
1508 1478 1793 1530 iniungenda,
1832 1478 1965 1519 nullis

179 1550 282 1592 inde
322 1552 544 1604 susceptis
587 1551 810 1604 pecuniis3
855 1565 944 1605 quo
987 1553 1138 1592 autem
1180 1551 1236 1593 ad
1275 1550 1426 1592 debita
1459 1549 1720 1603 temporalia
1753 1549 1964 1590 laicorum

109 1622 412 1676 20p0tissime
459 1622 632 1664 modica
679 1624 721 1663 et
763 1623 894 1672 clara,
943 1622 1184 1663 summarie
1232 1623 1277 1662 et
1319 1622 1373 1662 de
1416 1621 1594 1675 planoa)
1642 1621 1964 1671 concordando,

181 1694 314 1736 nullis
347 1693 449 1736 inde
482 1694 701 1748 susceptis
733 1693 945 1747 pecuniis
1002 1693 1132 1743 Quod
1165 1682 1202 1734 si
1234 1693 1378 1734 facere
1412 1706 1499 1733 non
1533 1693 1728 1745 possent,
1761 1691 1964 1745 partibus

186 1765 320 1807 nimis
344 1765 625 1807 concordiam
648 1766 813 1807 habere
836 1765 1105 1816 volentibus,
1129 1765 1184 1806 ad
1202 1763 1372 1805 iudices
1390 1764 1657 1816 temporales
1677 1762 1965 1804 remitterent.

180 1837 238 1878 Et
269 1837 446 1879 fundari
479 1837 640 1890 poterit
672 1837 757 1878 iste
789 1836 1001 1878 articulus
1035 1850 1087 1877 ex
1120 1834 1552 1886 inconvenientibus,
1595 1847 1680 1887 que
1714 1835 1965 1887 sequuntur

0 1952 2 1954 ,
181 1922 234 1950 ex
275 1905 522 1964 ipsorumb)
571 1921 658 1949 non
691 1907 1008 1950 observacione
1057 1910 1100 1948 et
1138 1921 1190 1948 ex
1232 1906 1376 1958 bonis,
1425 1919 1510 1959 que
1557 1904 1853 1947 verisimiliter
1895 1918 1965 1945 se-

0 1972 8 2039 ,
111 1977 166 2018 25
181 1982 379 2033 quuntur
417 1993 470 2021 ex
509 1979 715 2034 opposita
756 1979 1086 2021 observacione.
1152 1979 1215 2019 Ex
1256 1979 1374 2019 enim
1416 1977 1499 2018 levi
1538 1967 1706 2018 lacione
1746 1974 1965 2017 sententie

181 2050 654 2094 excommunicacionis
689 2050 817 2106 quasi
849 2050 1013 2093 infiniti
1047 2053 1150 2092 sunt
1173 2048 1552 2095 excommunicati,
1586 2047 1839 2089 huiusmodi
1863 2060 1965 2087 sen-

180 2123 350 2164 tencias
390 2122 572 2165 minime
612 2125 818 2165 tenentes
861 2124 904 2164 et
942 2122 989 2163 in
1029 2121 1225 2164 derisum
1269 2122 1314 2163 et
1354 2118 1684 2173 opprobrium⁰)
1733 2118 1965 2159 hominum

179 2194 425 2247 venientes,
460 2195 581 2248 quod
613 2194 658 2235 in
691 2207 898 2248 magnum
922 2192 1039 2235 cedit
1062 2192 1241 2235 honoris
1266 2190 1555 2233 ecclesiastici
1580 2192 1623 2231 et
1646 2187 1965 2231 iurisdictionis

181 2265 479 2308 ecclesiastice
520 2279 599 2308 seu
638 2266 872 2321 potestatis
906 2264 1096 2307 clavium
1130 2263 1461 2306 detrimentum.
1525 2261 1700 2303 Etenim
1740 2274 1792 2302 ex
1824 2260 1965 2314 ipsius

22 2393 29 2399 .
111 2332 499 2379 30observacione
541 2337 735 2380 oriretur
772 2338 819 2379 in
852 2336 1043 2378 subditis
1085 2337 1203 2378 bona
1235 2335 1353 2376 sama
1384 2330 1624 2387 iudieumss)
1666 2331 1966 2394 spiritualium

0 2396 37 2488 ’ἓ
182 2422 233 2451 ac
264 2408 427 2451 caritas
458 2408 656 2463 ipsorum
690 2409 746 2451 ad
778 2408 979 2451 subditos
1013 2408 1290 2459 claresceret,
1324 2407 1379 2448 ad
1402 2418 1537 2458 quam
1558 2403 1791 2446 ordinatur
1814 2415 1966 2443 eorum

182 2478 377 2521 officium
412 2481 457 2522 et
488 2493 577 2522 non
610 2479 816 2533 avaricia,
850 2493 938 2522 non
973 2478 1162 2521 ambicio
1194 2478 1266 2520 vel
1289 2478 1436 2531 aliqua
1466 2475 1550 2518 alia
1573 2474 1755 2516 sinistra
1776 2472 1965 2525 affectio,

301 2645 332 2678 a)
353 2645 434 2672 Hier
452 2645 495 2672 iot
515 2644 622 2673 Lacke
641 2645 702 2679 Γῆν
721 2645 772 2672 ein
791 2644 879 2672 Wort
898 2644 933 2671 in
953 2644 990 2671 B.
1024 2643 1068 2671 Ob
1082 2642 1266 2679 procedant
1280 2650 1320 2670 :u
1334 2643 1436 2670 &etzen
1450 2641 1514 2668 iet?
1546 2639 1579 2674 b)
1600 2638 1683 2674 ipsis
1704 2639 1740 2665 B.
1772 2638 1800 2671 e)
1822 2637 1964 2671 obppro-

182 2691 293 2719 brium
314 2693 352 2719 B.
390 2691 422 2726 d)
443 2691 603 2720 iudicium
622 2693 660 2720 Β.
904 2698 907 2701 ’

114 2745 169 2788 35
306 2753 333 2796 ¹)
359 2750 495 2786 Soweit
522 2752 854 2788 iibereinstimmend
879 2753 941 2787 mit
964 2752 1055 2798 Καρ.
1080 2751 1128 2785 20
1158 2751 1223 2786 der
1255 2751 1339 2795 Cap.
1365 2749 1491 2795 agend.
1548 2747 1687 2782 Gerson
1718 2749 1861 2779 iiussert
1889 2743 1964 2777 sich

184 2810 352 2845 hieriiber
377 2812 413 2856 (l.
441 2822 470 2845 c.
497 2812 599 2857 552).·
624 2812 880 2858 (Promotores)
907 2813 1083 2857 recipiunt
1109 2821 1282 2856 expensas
1309 2810 1353 2843 ab
1379 2808 1627 2842 innocentibus
1653 2805 1825 2861 absolutis
1852 2804 1964 2847 deque

184 2872 370 2907 calumniis
406 2873 693 2917 perversissimis,
726 2872 768 2906 de
795 2872 1095 2906 diffamationibus
1127 2873 1287 2915 preterea
1312 2868 1554 2903 crudelissime
1579 2865 1755 2910 impositis
1782 2863 1852 2908 ipsi
1878 2873 1963 2896 mer-

185 2931 315 2974 cedem,
341 2942 409 2977 que
434 2932 484 2966 eis
510 2931 601 2966 male
625 2934 794 2974 vertatur,
819 2932 1006 2976 recipiunt.
1057 2930 1152 2965 C'est
1175 2929 1208 2963 le
1234 2929 1328 2963 droit
1353 2928 1394 2961 tle
1421 2927 1455 2960 la
1480 2928 1579 2970 porte
1605 2924 1730 2959 Bodet.

305 2993 333 3037 ²)
360 2991 496 3026 Soweit
516 2990 847 3026 abereinstimmeml
867 2991 931 3025 mit
953 2990 1044 3036 Kap.
1069 2988 1115 3023 18
1139 2989 1203 3022 der
1229 2987 1314 3032 Cap.
1340 2986 1467 3031 agend.
1528 2983 1593 3029 lsql.
1620 2982 1687 3016 Nr.
1712 2981 1759 3015 35
1783 2982 1803 3025 §
1830 2981 1885 3022 15,
1910 2990 1962 3012 'wo

113 3040 174 3082 40
186 3051 276 3087 auch,
303 3051 439 3086 Stellen
464 3061 528 3084 aus
563 3051 703 3087 Ger-son
726 3050 815 3087 iiber
839 3050 954 3085 dieses
980 3048 1133 3095 Kapitel.
