2216 3432
433 152 471 190 C,
513 151 693 187 Benedikt
717 152 830 195 XIII„
858 152 1014 199 Spanien
1038 156 1110 190 und
1136 157 1197 192 das
1222 159 1441 196 Konstanzer
1464 163 1601 202 Konzil.
1642 166 1701 204 Nr.
1727 168 1782 204 84.
1900 159 1978 202 321

230 276 323 306 non
353 262 542 314 videtur,
576 260 720 314 primo
753 260 857 314 quia
888 275 990 316 pars
1022 266 1255 318 propterea
1282 281 1369 309 non
1394 270 1670 314 reduceretur
1692 275 1745 316 ad
1768 275 1995 330 unionem‚'

232 334 428 378 secundo
477 331 582 386 quia
631 331 713 373 fuit
762 332 1001 376 iudicatum
1047 349 1125 388 per
1174 337 1287 379 viam
1339 339 1678 384 iuridicionalem
1717 346 1759 386 et
1808 346 1867 387 sic
1908 361 1985 400 per

232 405 421 448 similem
451 404 570 446 viam
602 404 734 445 debet
766 404 958 457 dissolvi,
992 419 1079 447 non
1110 420 1190 460 per
1219 409 1333 450 viam
1365 412 1632 454 conciliaboli
1670 416 1734 456 set
1765 429 1841 469 per
1871 417 1983 459 viam

231 476 424 532 legitime
456 475 766 517 iurisdicionis.

0 569 16 619 ἕ
191 548 217 590 5
351 548 417 589 Ex
466 547 551 589 hoc
605 546 642 588 si
685 560 765 600 per
814 547 978 589 iudices
1029 549 1188 590 electos
1232 550 1553 594 iurisdicionem
1601 554 1811 597 habentes
1859 557 1986 599 debet

0 622 15 677 ζ
131 662 134 665 Α
232 619 415 662 iudicari
454 620 497 661 et
545 618 778 671 declarari,
825 632 849 660 a
892 619 1052 672 quibus
1089 620 1172 661 ista
1215 621 1457 663 iurisdiccio
1502 623 1657 666 debeat
1693 626 1882 679 dirivari,
1924 630 1987 669 est

0 675 18 770 Ξ
231 691 487 744 videndum,
522 703 576 731 ex
609 702 697 743 quo
730 689 963 743 insurgunt
995 691 1128 731 dubia
1159 692 1413 744 sequencia:

353 762 420 818 [1]
485 761 633 804 Primo
667 762 815 802 utrum
849 775 873 802 a
906 762 1082 803 domino
1117 764 1264 804 nostro
1302 765 1344 805 et
1379 763 1546 805 intruso
1578 764 1773 808 Johanne
1808 769 1987 810 tantum.

0 770 19 906 ἒ
354 832 412 888 [2]
476 833 588 874 Item
635 833 784 873 utrum
824 832 878 873 ab
917 832 1010 874 istis
1050 833 1222 874 duobus
1260 836 1302 875 et
1342 834 1522 875 concilio
1570 835 1731 876 domini
1778 838 1911 879 nostri
1948 841 1989 881 et

166 906 220 948 10
234 904 525 946 conciliabolo
559 903 752 946 alterius.

354 975 412 1031 [3]
476 976 588 1017 Item
622 977 771 1017 utrum
793 989 817 1016 a
840 976 1022 1017 concilio
1057 976 1220 1017 domini
1244 976 1379 1017 nostri
1402 978 1445 1019 et
1467 990 1491 1018 a
1513 977 1793 1019 conciliabolo
1817 979 1990 1020 alterius

0 1065 17 1097 ᾖς
234 1049 426 1090 tantum.

354 1118 412 1174 [4]
474 1117 628 1170 Item1)
668 1118 773 1171 quia
810 1118 1007 1160 similiter
1049 1118 1128 1159 fuit
1169 1119 1213 1159 in
1251 1119 1534 1160 conciliabolo
1574 1119 1731 1160 Pisano
1772 1119 1859 1160 lata
1895 1133 1991 1160 sen-

233 1190 379 1233 tencia
411 1191 565 1231 contra
598 1189 826 1231 dominum
858 1191 1058 1230 nostrum
1087 1192 1131 1231 et
1154 1190 1408 1243 Gregorium
1436 1190 1650 1231 intrusum
1678 1189 1818 1241 simul,
1850 1191 1990 1230 utrum

168 1261 281 1305 15in
318 1261 413 1308 istis
451 1260 672 1302 iudicibus
712 1261 923 1314 eligendis
963 1263 1006 1302 et
1043 1261 1418 1302 iurisdiccionibus
1463 1261 1616 1302 dandis
1652 1260 1767 1302 idem
1804 1259 1992 1301 intrusus

237 1333 473 1387 Gregorius
507 1332 668 1375 debeat
697 1345 794 1373 esse
818 1332 1028 1385 adequari
1052 1333 1227 1374 domino
1251 1334 1399 1373 nostro
1423 1333 1465 1374 et
1486 1332 1652 1373 intruso
1674 1330 1873 1382 Johanni,
1897 1343 1991 1371 cum

238 1404 386 1458 aliqua
417 1404 526 1457 iura,
561 1417 648 1457 que
681 1402 846 1444 faciunt
877 1417 958 1458 pro
991 1404 1168 1445 domino
1202 1405 1364 1451 nostrO,
1391 1403 1592 1445 videntur
1623 1402 1761 1443 facere
1789 1415 1866 1454 pro
1890 1402 1992 1442 Gre-

236 1476 358 1531 gorio
399 1476 553 1517 contra
590 1474 851 1516 Johannem.
915 1477 1210 1517 Veruntamen
1248 1474 1292 1515 in
1339 1475 1421 1515 hoc
1464 1474 1789 1525 attendendum,
1833 1472 1992 1524 qu0d⁵)

236 1548 376 1589 multa
392 1547 489 1588 iura
507 1546 674 1588 faciunt
691 1560 771 1600 pro
791 1547 970 1588 domino
989 1547 1151 1598 nostro,
1171 1560 1255 1599 que
1273 1559 1361 1586 non
1378 1545 1540 1587 faciunt
1557 1558 1636 1586 nec
1652 1544 1788 1585 facere
1811 1543 1989 1595 possunt

167 1621 224 1662 20
237 1632 318 1673 pro
350 1618 577 1672 Gregorio,
612 1618 725 1659 sicut
756 1631 990 1671 possemus
1023 1617 1178 1670 dicere,
1218 1617 1336 1670 quod
1369 1615 1599 1669 Gregorius
1632 1611 1805 1667 etiamb)
1841 1625 1992 1653 secun-

238 1690 345 1732 dum
381 1689 517 1732 fidem
557 1702 684 1731 suam
724 1689 835 1731 forte
874 1689 994 1731 dedit
1033 1701 1221 1740 causam,
1266 1687 1382 1740 quod
1420 1685 1558 1740 possit
1593 1684 1685 1726 sieri
1718 1681 1992 1735 congregacio

238 1763 392 1803 contra
429 1761 590 1815 ipsum,
625 1761 746 1814 quod
779 1773 869 1801 non
901 1760 1001 1802 fecit
1034 1759 1235 1801 dominus
1268 1760 1428 1809 noster,
1461 1758 1503 1797 et
1534 1755 1594 1796 sic
1625 1755 1678 1796 de
1710 1754 1801 1795 aliis
1834 1751 1990 1802 inultis,

237 1846 323 1886 que
356 1834 542 1886 possent
574 1832 670 1874 elici
703 1846 755 1873 ex
788 1832 921 1885 gestis
955 1831 1163 1884 ipsorum,
1196 1830 1231 1871 si
1264 1842 1360 1871 curn
1390 1827 1571 1869 veritate
1604 1824 1903 1866 discuciantur.

356 1904 417 1960 [5]
492 1903 650 1959 Item2)
698 1903 734 1944 si
781 1903 985 1944 dominus
1033 1904 1181 1943 noster
1225 1902 1267 1942 et
1309 1898 1618 1941 contendentes
1665 1895 1850 1936 debeant
1891 1905 1992 1932 con-

164 1976 220 2019 25
236 1975 407 2030 gregari
455 1989 617 2029 prope,
669 1975 875 2016 dominus
924 1975 1073 2014 noster
1114 1985 1212 2013 cum
1259 1983 1337 2012 suo
1379 1968 1577 2019 concilio,
1624 1968 1666 2009 et
1704 1964 1772 2006 alii
1815 1962 1992 2015 quilibet

235 2046 281 2087 in
314 2059 396 2088 suo
429 2046 526 2088 loco
560 2059 660 2088 cum
693 2059 773 2087 suo
807 2044 1109 2096 conciliabolo,
1143 2043 1329 2096 utrumc)
1360 2039 1573 2081 iudicibus
1610 2036 1802 2090 potestas
1840 2032 1993 2073 debeat

354 2224 384 2258 a)
406 2230 469 2258 que
490 2223 527 2250 A.
564 2223 596 2257 b)
622 2223 776 2250 Umicher
797 2222 835 2249 ob
856 2223 918 2249 etc.
939 2222 1017 2248 oder
1037 2220 1146 2246 etiam.
1183 2219 1211 2252 c)
1233 2218 1264 2244 et
1284 2217 1320 2243 A.
1358 2217 1435 2242 Dem
1454 2215 1545 2242 Sinna
1566 2213 1644 2239 nach
1668 2212 1783 2237 utrum.

358 2285 384 2328 ¹)
421 2283 554 2318 Dieser
591 2282 709 2317 Pani-t
745 2283 836 2316 wird
870 2282 906 2315 in
945 2282 1054 2315 ciuem
1091 2281 1234 2325 spiitern
1278 2275 1472 2311 Gutacletenv
1509 2272 1672 2312 erwiilmt‚
1711 2282 1771 2302 aus
1810 2268 1880 2301 dem
1919 2266 1993 2299 hier

234 2342 434 2389 Folyemles
468 2342 661 2388 anyeszilert
693 2342 769 2376 sein.
798 2344 916 2386 otzbye:
954 2341 1079 2380 Primo,
1113 2337 1301 2372 secundum
1335 2335 1426 2379 quod
1455 2333 1521 2366 fuit
1551 2332 1625 2365 sine
1656 2330 1772 2372 aliqua
1811 2326 1990 2359 eficacione

165 2405 222 2447 30
236 2403 440 2436 conclusum
473 2403 511 2436 in
546 2402 691 2436 Morella
722 2402 815 2435 inter
846 2400 1024 2433 dominum
1058 2400 1213 2431 nostruin
1242 2398 1275 2429 et
1300 2394 1494 2428 Johannem
1532 2391 1701 2424 intrusum
1731 2387 1902 2424 Pisanum,
1940 2388 1991 2416 est

235 2461 426 2495 videndum
459 2462 502 2495 de
528 2462 670 2495 iusticia
702 2471 765 2504 per
790 2461 879 2493 viam
908 2457 1124 2492 nocionalem
1153 2459 1186 2489 et
1211 2452 1460 2488 iurisdictionis
1493 2477 1501 2486 .
1529 2478 1536 2486 .
1564 2477 1571 2483 .
1602 2449 1692 2481 inter
1717 2443 1933 2488 supradictos
1959 2444 1991 2506 et

236 2521 444 2565 Gregorium
482 2521 671 2561 intrusum,
706 2520 789 2563 quia
820 2518 949 2552 factum
984 2517 1150 2550 Pisanum
1184 2517 1237 2548 est
1262 2512 1398 2557 questio
1424 2507 1669 2554 preiudicialis,
1708 2504 1799 2548 quia,
1832 2502 1859 2534 si
1886 2500 1993 2533 valuit

235 2579 364 2614 factum
405 2580 586 2620 Pisanum,
622 2578 803 2612 Johannes
844 2579 1038 2611 remaneret
1076 2579 1109 2608 et
1146 2574 1205 2607 alii
1243 2573 1310 2606 iam
1348 2569 1490 2603 iudicati
1528 2568 1656 2605 essent,
1693 2563 1722 2596 si
1756 2571 1834 2594 vero
1869 2559 1991 2623 factum

236 2639 404 2673 Pisanum
436 2648 509 2672 non
541 2637 663 2678 valuit,
699 2639 847 2671 restaret
879 2635 991 2669 solum
1024 2635 1115 2668 inter
1146 2632 1320 2666 dominum
1352 2632 1507 2662 nostruin
1535 2628 1567 2658 et
1593 2622 1794 2666 Gregorium
1820 2629 1880 2662 per
1904 2626 1990 2681 viani

165 2701 219 2743 35
237 2698 520 2732 renunciacionis
547 2699 581 2730 et
607 2706 728 2730 omnes
755 2695 844 2729 alias
870 2695 945 2728 vias
972 2693 1172 2738 possibiles,
1200 2689 1290 2734 quod
1318 2688 1418 2721 nobis
1444 2686 1584 2719 daretur
1601 2682 1682 2715 unio
1701 2689 1779 2712 vera
1796 2678 1831 2742 in
1850 2675 1991 2738 ecclesi-a

236 2763 360 2792 sancta
388 2757 462 2793 Dei.
513 2756 558 2790 Et
588 2756 657 2789 ista
688 2755 892 2788 viderentur
922 2754 975 2787 vie
1009 2752 1182 2786 breviores
1217 2752 1251 2782 et
1282 2747 1452 2781 faciliores
1479 2747 1512 2777 et
1537 2740 1762 2775 iuridicentur
1797 2745 1870 2768 sine
1896 2733 1992 2765 dubl-

235 2817 374 2851 tacione
407 2816 582 2850 scismatis
616 2814 670 2848 vel
707 2814 834 2848 erroris
869 2822 931 2857 pro
969 2822 1050 2845 vera
1075 2810 1204 2844 unione
1231 2806 1372 2841 ecclesie
1398 2799 1650 2845 consequenda,
1683 2794 1874 2830 secundum
1901 2789 1990 2856 quod

235 2876 286 2910 ibi
316 2876 355 2910 iu
386 2874 531 2909 Morella
562 2873 631 2907 fuit
667 2873 754 2907 satis
792 2871 1054 2917 particulariter
1092 2869 1296 2913 apuntatum
1336 2865 1357 2899 l.
1394 2874 1423 2895 e.
1452 2861 1520 2905 fol.
1557 2858 1633 2891 165.
1700 2854 1772 2887 Das
1811 2851 1992 2915 efieaeuione

235 2936 300 2970 der
318 2939 438 2970 ersten
454 2933 556 2968 Zeile
583 2932 709 2967 ko‘ante
735 2931 825 2966 auc-lt
852 2931 1043 2965 esitacione
1067 2928 1216 2968 missen,
1243 2935 1312 2958 was
1338 2922 1401 2955 das
1426 2917 1650 2964 Umyekalaeree
1678 2912 1839 2946 bedeutcn
1868 2906 1990 2941 warde.

163 2994 342 3040 4000011
360 2998 471 3040 passt
491 2993 568 3028 dem
594 2991 703 3027 Sinne
729 2989 820 3025 nack
846 2989 1032 3024 eficacione
1060 2986 1190 3020 besser.

359 3054 387 3098 ¹)
419 3052 491 3098 Vyl.
516 3064 563 3086 zu
587 3051 720 3086 diesem
745 3051 766 3095 §
792 3049 847 3084 die
863 3046 1033 3094 folyeude
1060 3044 1126 3079 Nr.

306 3123 451 3159 Finko,
469 3122 554 3150 Acta
572 3120 707 3150 concilii
726 3115 1004 3148 constanciensis.
1034 3114 1059 3144 1.
1660 3088 1712 3133 21
