2216 3432
255 159 336 204 142
564 168 608 203 ΙΙ.
635 165 832 201 Abschnitt.
882 163 952 197 Das
985 159 1155 196 rssmische
1179 157 1320 195 Konzil.
1371 155 1462 195 1412
1485 157 1560 193 und
1588 157 1690 193 1413.

252 292 334 333 que
367 291 418 318 ex
448 272 696 317 huiusmodi
729 284 813 312 non
846 267 1157 312 observacione
1189 280 1214 308 a
1245 265 1436 308 subditis
1467 263 1758 322 popularibus
1789 263 1838 306 in
1868 262 2010 306 eccle·
2035 309 2065 314 ..

253 347 437 390 siasticis
473 344 690 387 iudicibus
731 355 780 383 ac
822 339 920 381 aliis
962 337 1273 380 ecclesiasticis
1312 337 1581 378 extimantur
1622 336 1666 376 et
1697 348 1750 376 ex
1779 334 1864 375 hoc
1905 332 2009 376 odio

252 419 459 470 concepto
491 416 641 456 contra
662 425 735 454 eos
758 409 1016 452 diminuitur
1038 409 1113 450 aut
1134 407 1313 448 omnino
1336 406 1591 461 deperditur
1612 406 1669 447 ad
1692 405 1834 446 Deum
1855 416 2010 446 eorum

253 487 428 530 devocio
461 487 504 526 et
535 482 815 525 ecclesiarum
847 493 896 521 ac
927 478 1070 520 omnis
1103 478 1207 520 boni
1240 477 1456 530 operacio.

367 569 404 623 [ξ
437 567 506 621 29]
568 567 676 606 Item
711 565 756 604 ut
789 576 839 603 ex
872 563 953 603 hoc
984 559 1298 602 inviolabiliter
1329 559 1607 602 observetur:
1640 558 1686 599 in
1718 557 1874 612 primis
1904 554 2051 602 con—5

253 640 359 680 siliis
396 634 736 690 provincialibus
777 633 993 674 statuatur
1033 630 1238 672 omnibus
1270 629 1491 671 iudicibus
1523 627 1749 683 provincie
1781 629 1863 672 sub
1894 644 2011 685 pena

252 704 716 751 excommunicacionis
747 703 971 757 precipere
984 705 1016 754 ²¹)
1049 702 1132 742 hoc
1163 702 1293 743 modo
1326 700 1468 742 facere
1502 701 1545 741 et
1576 700 1832 753 procedere.

373 790 410 843 [ξ
442 789 511 842 30]
575 788 683 828 Item
716 787 1000 839 proponatur,
1034 783 1152 837 quod
1185 783 1462 824 innummera
1495 782 1733 824 multitudo
1760 796 2010 826 excommu-

252 862 491 903 nicatorum
524 859 577 899 ad
609 857 820 898 unitatem
845 854 1026 896 ecclesie
1052 855 1300 899 reducatur,
1333 854 1452 907 quod
1475 854 1519 895 in
1547 853 1701 907 primis
1723 853 2009 907 synodalibus

252 930 441 974 conciliis
479 927 748 970 celebrandis
790 926 1010 967 statuatur
1049 925 1276 978 precipere
1315 924 1521 965 omnibus
1554 926 1597 965 et
1629 923 1813 978 singulis
1845 924 2009 967 curatis
2027 922 2081 963 10

253 999 593 1056 parrochialibus
641 999 720 1038 sul)
769 1010 884 1049 pena
932 994 1415 1046 excommuiiicacionis,
1466 996 1514 1036 ut
1562 995 1616 1036 ad
1664 1009 1711 1037 se
1759 995 2008 1038 successive

253 1072 406 1113 vocent
438 1069 750 1123 parrochianos
783 1067 1181 1107 excomnmnicatos
1214 1068 1252 1106 et
1289 1066 1341 1106 (le
1374 1079 1507 1107 causa
1540 1065 2010 1109 excommunicacionis

253 1145 295 1184 et
328 1143 379 1183 de
411 1139 717 1194 permanencia
758 1139 800 1178 in
836 1138 987 1179 eadem
1031 1137 1260 1189 diligenter
1304 1136 1544 1189 inquirant,
1585 1149 1670 1190 que
1701 1150 1849 1189 causa,
1887 1136 1924 1179 si
1956 1150 2009 1179 ex

254 1212 396 1254 debito
438 1213 480 1251 et
522 1209 843 1263 permanencia,
886 1222 934 1249 ex
974 1207 1235 1261 impotencia
1275 1207 1458 1258 suerint3
1502 1208 1653 1260 previa
1691 1207 2008 1250 informacione

254 1283 399 1324 debita
421 1282 474 1323 ad
497 1280 662 1321 iudices
684 1279 891 1320 officiales
915 1278 1103 1327 veniant,
1138 1279 1191 1319 (le
1214 1278 1385 1330 prefata
1408 1279 1675 1332 impotencia
1695 1275 2078 1330 informantes315

253 1352 410 1406 quibus
450 1349 695 1392 informatis
740 1349 932 1403 prefatos
974 1348 1374 1390 excommunicatos
1417 1349 1472 1390 ad
1514 1363 1562 1390 se
1596 1352 1766 1399 vocent,
1804 1349 2008 1405 partibus

253 1423 387 1464 eciam
429 1421 689 1469 convocatis,
734 1422 776 1460 et
820 1434 892 1461 eos
935 1422 1252 1473 appunetuent,
1297 1422 1342 1460 ut
1382 1420 1539 1461 melius
1582 1418 1914 1477 conformiterb)
1952 1421 2008 1463 ad

251 1493 346 1534 iura
376 1492 468 1532 fieri
501 1491 672 1545 poterit,
706 1490 914 1531 beneficio
947 1490 1241 1531 absolucionis
1274 1491 1589 1544 subsequente,
1622 1491 1755 1533 nullis
1787 1492 2008 1546 susceptis

253 1564 463 1617 pecuniis,
505 1563 559 1604 ad
600 1562 716 1615 qnod
756 1562 1051 1614 peragrandum
1092 1575 1141 1601 ex
1175 1561 1430 1614 provinciali
1469 1563 1636 1603 statuto
1670 1562 1753 1604 sub
1786 1575 1902 1616 pena
1933 1576 2008 1605 ex-

252 1633 662 1674 communicacionis
706 1631 862 1684 prefati
893 1632 1101 1672 officiales
1135 1634 1381 1673 teneantur.
1397 1632 1429 1686 ¹)
1494 1633 1541 1674 In
1577 1634 1660 1674 isto
1693 1633 1880 1677 articulo
1911 1629 2080 1676 fieriQO

251 1703 406 1756 poterit
443 1703 634 1756 provisio
676 1704 719 1743 et
758 1702 986 1756 practicari
1020 1703 1179 1756 poterit
1212 1716 1290 1756 per
1331 1703 1601 1757 provinciale
1642 1704 1887 1747 concilium.
1951 1705 2004 1747 Et

251 1774 423 1815 fundari
455 1773 614 1826 poterit
646 1787 696 1814 ex
729 1773 825 1823 hiis,
860 1786 944 1826 que
978 1773 1022 1813 in
1056 1772 1278 1826 prioribus
1312 1773 1576 1815 immediatis
1611 1776 1726 1817 tacta
1758 1776 1874 1817 sunt.

368 1855 405 1908 [ξ
438 1855 507 1909 31]
570 1856 677 1896 Item
710 1857 994 1908 proponatur.
1029 1857 1077 1896 ut
1109 1869 1187 1908 per
1218 1855 1450 1897 concilium
1476 1856 1670 1898 Parisius
1693 1857 2007 1900 celebrandum

250 1925 462 1977 eligantur
508 1928 696 1978 quatuor
737 1925 815 1966 viri
855 1925 1070 1967 notabiles
1112 1926 1360 1974 ‹loen-eliste,
1409 1928 1483 1980 qui
1527 1941 1668 1981 usque
1709 1928 1764 1970 ad
1804 1928 2007 1982 generale

251 1996 481 2036 concilium
516 1996 746 2047 diligenter
777 1995 922 2036 omnia
954 1995 1063 2036 iuris
1096 1996 1318 2038 volumina
1352 2011 1464 2039 nova
1496 2000 1538 2039 et
1561 1998 1745 2052 antiqua
1770 1993 2077 2050 revolvent‚25

249 2066 522 2106 extrahentes
555 2080 604 2107 ex
638 2066 698 2106 eis
731 2079 882 2107 omnes
915 2079 1042 2107 casus
1074 2079 1306 2120 expressos
1339 2070 1381 2109 et
1414 2068 1742 2118 determinatos
1775 2069 1819 2111 in
1843 2069 2007 2124 quibus

249 2135 330 2176 viri
362 2135 645 2177 ecclesiastici
676 2135 863 2178 maiores
896 2138 939 2178 et
970 2137 1177 2189 minores,
1220 2138 1408 2192 religiosi
1442 2141 1485 2181 et
1517 2153 1606 2182 non
1638 2140 1843 2194 religiosi,
1875 2139 2007 2182 soluti

249 2207 291 2246 et
322 2219 407 2246 non
440 2206 572 2247 soluti
604 2208 736 2260 atque
770 2206 881 2258 laici,
922 2208 1018 2259 viri,
1051 2209 1258 2250 mulieres
1291 2210 1388 2262 ipso
1420 2209 1516 2252 iure
1549 2224 1687 2265 penas
1719 2211 1828 2253 iuris
1860 2211 2006 2253 incur-

247 2278 412 2326 rerunt,
444 2289 602 2328 penam
636 2276 802 2317 scilicet
834 2278 1315 2330 excommunicacionis,
1348 2282 1653 2335 suspensionis
1684 2283 1728 2324 et
1760 2280 2007 2335 irregulari-

248 2346 350 2387 tatis
388 2347 430 2387 et
467 2347 529 2387 sic
571 2347 624 2387 de
665 2347 773 2398 aliis,
811 2349 859 2389 ut
899 2362 951 2390 ex
991 2349 1054 2390 eis
1098 2350 1301 2404 specialis
1338 2352 1479 2404 possit
1516 2353 1720 2406 componi
1753 2352 1929 2395 libellus
1960 2352 2007 2394 in
2022 2349 2080 2391 30

249 2417 438 2468 generali
477 2416 668 2466 consili0,
712 2430 798 2470 quo
836 2419 891 2460 ad
923 2419 1120 2471 singulos
1158 2421 1411 2463 huiusmodi
1442 2435 1571 2464 casus
1603 2423 1819 2466 vitandos.
1882 2423 1939 2465 Et
1969 2423 2007 2465 si

250 2486 385 2539 aliqui
426 2485 514 2527 sint
544 2487 718 2528 onerosi
757 2490 799 2529 et
836 2489 1031 2540 inutiles,
1072 2494 1334 2533 revocentur
1373 2494 1419 2533 et
1460 2493 1697 2536 necessarii
1728 2494 2008 2537 roborentur.

248 2556 371 2597 Istud
406 2556 582 2598 videtur
618 2558 826 2610 expedire
865 2572 918 2606 ex
955 2560 1051 2612 hoc,
1095 2562 1213 2614 quod
1251 2563 1496 2605 secundum
1538 2565 1787 2619 temporum
1818 2563 2008 2620 disposi-

248 2624 412 2667 cionem
455 2631 498 2668 et
535 2627 792 2670 varietatem
831 2642 1012 2671 necesse
1052 2632 1119 2672 est
1158 2632 1423 2675 necessitate
1466 2633 1568 2676 finis
1614 2636 1782 2678 statuta
1813 2634 2008 2678 humana

247 2695 431 2748 positive
462 2696 644 2739 variare.
2019 2701 2076 2744 35

351 2870 380 2903 a)
405 2870 574 2905 percipere
598 2873 635 2899 Β.
676 2871 708 2905 b)
735 2873 821 2900 Fehlt
846 2874 885 2908 B,
917 2875 1023 2909 dasssr
1047 2875 1154 2903 Lache
1177 2876 1212 2904 in
1237 2877 1295 2904 der
1315 2878 1546 2915 Hartman-itt,
1575 2881 1707 2916 eryanzt
1733 2881 1819 2910 nach
1843 2881 1904 2910 aa·
1929 2875 2009 2917 0⁸1)ss

248 2916 374 2950 agend.3
392 2917 501 2946 ebeneo
521 2917 601 2951 fleri,
619 2919 729 2953 wofilr
747 2919 826 2948 aber
844 2919 932 2948 keine
951 2921 1057 2950 Lucke
1073 2923 1271 2951 vorhanden.

365 2988 391 3032 ¹)
417 2987 549 3023 Soweit
569 2988 893 3026 iibereinscimmend
912 2992 975 3026 mit
998 2992 1089 3039 Καρ.
1114 2993 1160 3027 18
1182 2994 1247 3029 der
1272 2995 1357 3041 Cap.
1382 2998 1508 3044 agend.
