2216 3432
383 157 386 160 ’
438 149 476 187 C.
513 150 691 187 Benedikt
706 149 818 196 X111.‚
844 153 1000 199 Spanien
1024 156 1096 191 und
1125 156 1186 193 das
1212 158 1429 197 Konstanzer
1452 163 1590 202 Konzil.
1628 166 1693 204 Nr.
1710 168 1765 209 90.
1783 170 1837 206 91.
1931 161 2014 204 339

261 260 375 304 ravit
406 274 486 303 sue
517 259 782 303 intencionis
814 261 947 305 fuisse
980 264 1023 306 et
1053 278 1162 319 esse,
1195 268 1255 321 ut,
1289 268 1324 310 si
1356 271 1620 326 contingeret
1649 275 1717 316 vel
1749 275 1785 316 si
1816 255 2015 333 contigis-

262 333 348 386 set,
373 332 531 375 diebus
554 331 786 386 assignatis
810 334 853 374 et
874 333 1159 387 imposterum
1181 338 1450 393 assignandis
1472 355 1570 385 eum
1593 345 1829 388 sessionem
1850 349 2015 391 concilii

262 403 506 459 supradicti
539 403 690 445 forsan
713 404 808 445 aliis
831 406 1019 459 negociis
1042 410 1300 462 occupatum
1322 423 1411 452 non
1431 413 1623 456 tenuisse
1644 417 1712 458 vel
1734 416 2015 471 imposterum

261 489 353 518 non
394 477 561 528 tenere,
605 475 725 529 quod
765 477 947 529 propter
986 478 1097 519 tales
1138 480 1394 523 omissiones
1433 496 1521 524 non
1557 483 1740 527 intendit
1770 487 2014 532 licenciasse

221 547 247 588 5
263 561 346 589 seu
377 546 609 589 licenciare
641 546 862 600 prefatum
895 549 1124 591 concilium
1152 564 1230 592 seu
1252 551 1487 595 dissolvere
1508 555 1576 596 vel
1599 555 1733 597 eciam
1756 557 2015 610 dissolvisse,

260 632 362 673 ymo
406 618 549 661 voluit
589 619 633 660 et
669 618 764 660 vult
803 631 904 670 eum
945 620 1101 662 durare
1142 623 1184 663 et
1216 622 1409 677 durasse,
1442 637 1582 678 usque
1613 639 1699 679 quo
1732 627 1824 681 ipse
1857 629 2015 672 dictum

263 689 498 732 concilium
536 703 619 744 per
658 689 794 732 verba
831 703 911 732 sua
951 704 1154 745 expresse
1195 692 1390 735 licenciet
1421 696 1463 736 et
1495 695 1713 738 dissolvat.
1776 697 1885 739 Acta
1915 702 2015 741 sunt

261 762 346 804 hec
389 762 502 815 loco,
551 761 634 815 die,
677 761 915 803 indictione
954 763 996 803 et
1036 762 1294 816 pontificatu
1335 765 1552 818 predictis,
1595 768 1866 820 presentibus
1898 783 2015 811 reve-

262 833 412 876 rendis
445 833 647 887 patribus
681 832 870 875 dominis
904 833 1126 875 Ludovico
1159 835 1393 877 camerario
1418 837 1580 878 domini
1602 851 1714 892 pape
1738 852 1786 879 ac
1814 839 2016 894 episcopo

195 906 248 947 10
262 905 564 958 Maioricensi‚
605 904 832 946 Bernardo
872 904 1060 946 Girherti
1106 905 1346 948 litterarum
1389 909 1724 961 apostolicarum
1766 912 2015 963 correctore,

262 976 484 1019 Roderico
530 975 794 1029 Cyennensi‚
827 976 1058 1017 Francisco
1096 976 1314 1031 Auriensi,
1372 978 1600 1020 Francisco
1660 979 2013 1034 Barchinonensi,

263 1048 461 1091 Antonio
502 1047 826 1100 Calamoioensi,
865 1047 1064 1090 Johanne
1104 1048 1397 1102 Ti1·asonensi‚
1437 1050 1697 1103 Raymundo
1731 1052 2014 1105 Gerundensi,

261 1119 487 1162 Jeronimo
511 1119 707 1172 Elnensi,
747 1118 979 1160 Guillelmo
1003 1120 1274 1173 Vasionensi,
1302 1119 1323 1161 J
1328 1121 1499 1162 ohanne
1522 1121 1834 1176 Segobiscensi,
1858 1122 2017 1164 Didaco

263 1191 464 1244 Pacensi,
498 1190 664 1233 Didaco
698 1190 909 1232 Ouetensi
941 1191 1172 1244 episeopis,
1197 1191 1427 1233 Guillelmo
1451 1193 1698 1246 Raymundi
1721 1193 1772 1234 de
1795 1194 1955 1247 Stagno
1966 1195 2018 1248 ¹³),

195 1263 246 1305 15
263 1263 403 1304 sancti
464 1262 689 1304 Cucufatis
749 1262 1005 1314 abbatibus,
1067 1263 1198 1304 Petro
1258 1262 1465 1305 Comollis
1526 1264 1793 1305 subdiacono
1855 1264 2017 1305 domini

262 1335 404 1376 nostri
436 1349 553 1389 pape
588 1336 631 1376 et
663 1333 843 1375 Toribio
877 1333 1040 1386 Garsie,
1080 1334 1355 1375 Ferdinando
1393 1334 1577 1387 Martini,
1620 1335 1788 1375 Thomu
1821 1335 1873 1376 de
1903 1334 2018 1376 Butil

263 1407 308 1448 et
352 1407 480 1460 Lupo
521 1407 574 1448 de
614 1406 761 1459 CoteS,
810 1418 1041 1446 causarum
1082 1404 1192 1446 sacri
1239 1405 1395 1459 palacii
1441 1405 1709 1447 auditoribus
1757 1419 1806 1446 ac
1848 1405 2017 1447 Juliano

263 1479 317 1520 de
351 1478 476 1520 Loba
517 1479 561 1519 et
599 1478 827 1519 Salvatore
867 1477 919 1518 de
952 1475 1105 1529 Aquis,
1150 1489 1318 1517 camere
1352 1476 1589 1529 apostolice
1622 1476 1796 1529 clericis,
1831 1477 2017 1529 Symone

273 1549 519 1592 Saluatoris
553 1550 596 1590 et
626 1548 827 1590 Johanne
861 1548 1103 1599 Muniones,
1137 1547 1302 1588 domini
1333 1546 1469 1587 nostri
1499 1560 1612 1600 pape
1645 1547 1820 1598 acolitis,
1853 1548 1895 1587 et
1926 1546 2017 1587 aliis

194 1620 252 1662 ΞΟ
270 1623 467 1663 statuum
500 1621 777 1662 diversorum
810 1621 853 1661 et
882 1619 1160 1660 multitudine
1193 1618 1369 1671 copiosa
1397 1619 1439 1659 et
1460 1618 1584 1659 nobis
1608 1617 1800 1670 Guigone
1822 1617 2017 1658 Flandini

265 1694 417 1734 sancte
450 1692 567 1734 sedis
604 1691 844 1746 apostolice
875 1689 1206 1744 prothonotario
1240 1690 1316 1730 otc.

263 1870 333 1914 91.
389 1869 538 1926 (Papst
568 1868 771 1911 Beneclv'lrt
801 1866 928 1907 XIII.
962 1882 1015 1907 (m
1048 1865 1182 1920 lx33ni9
1215 1865 1320 1904 Karl
1352 1862 1406 1906 II.
1439 1878 1513 1904 von
1545 1861 1800 1917 Navarra)¹)
1833 1861 1926 1902 {Iber
1955 1862 2017 1901 die

271 1940 622 1997 Verbandlunyen
663 1955 738 1981 von
778 1939 973 1980 Morella:
1013 1936 1076 1976 Er
1114 1936 1217 1976 habe
1254 1937 1401 1976 semem
1438 1933 1665 1975 Gesandten
1701 1933 1822 1973 seleon
1847 1932 2017 1987 friilzere

267 2014 528 2068 Mittlceilunq
568 2012 754 2068 ymnaclct
793 2011 879 2051 und
917 2008 1073 2064 9ehqffl,
1121 2008 1219 2047 (lass
1257 2006 1391 2060 Ko'niy
1426 2003 1667 2045 Fer-dinam
1703 2003 1787 2043 ilem
1827 2002 2016 2052 ausfiilzr-

191 2084 248 2126 25
264 2085 410 2127 lieltere
451 2084 709 2138 Mittliez'lunq
747 2081 867 2137 qebewz
908 2080 1050 2121 werde.
1123 2077 1215 2117 Das
1252 2078 1311 2117 sei
1350 2075 1462 2116 nicht
1496 2073 1714 2129 yeselzelzen
1753 2073 1837 2113 und
1871 2073 2016 2111 darum

265 2155 594 2210 benaclcrz'chtz'ye
640 2169 685 2196 er
731 2153 822 2203 Hm,
876 2152 974 2192 dass
1020 2149 1251 2191 verltandelt
1294 2149 1352 2188 sei
1395 2145 1496 2186 iiber
1541 2145 1605 2185 die
1654 2140 2017 2195 Zusammenlruns't

266 2226 488 2269 Benedilcts
528 2227 616 2267 und
652 2224 919 2266 Ferdinands
963 2224 1038 2262 mit
1077 2218 1328 2274 Sim-sonandi,
1380 2214 1598 2257 lssenedz‘lcts
1642 2215 1715 2254 mit
1759 2214 1833 2254 (len
1880 2212 2017 2252 beiden

263 2299 423 2340 andern
455 2297 638 2353 Pdpsten
680 2297 768 2337 mwl
803 2295 906 2335 iiber
942 2294 1006 2334 die
1045 2290 1191 2332 Um'on.
1257 2288 1402 2343 Spd'ter
1442 2287 1537 2327 solla
1573 2299 1617 2326 er
1652 2284 1737 2324 und
1772 2284 1834 2323 die
1865 2282 2017 2322 andern

263 2370 424 2426 Kc'iniye
463 2370 551 2410 und
591 2367 771 2409 Fic'rsten
818 2367 891 2407 der
934 2361 1253 2405 Benedtlctschen
1291 2358 1492 2399 Obedienz
1538 2355 1766 2397 Generum-es
1813 2352 2013 2404 erfalcren.

193 2441 249 2482 30
977 2434 1046 2491 (14
1054 2434 1074 2474 I
1081 2433 1105 2474 4
1139 2430 1330 2486 October.)

342 2535 597 2580 Gleiclzzeitiye
624 2533 736 2579 Kope'e
763 2532 896 2577 Papier
923 2531 965 2564 im
996 2528 1124 2562 Archiv
1150 2527 1212 2560 der
1238 2524 1355 2558 Krone
1381 2534 1425 2556 zu
1452 2520 1659 2555 Bam-olona.

385 2630 621 2673 Carissime
652 2630 699 2671 in
731 2628 905 2670 Christo
928 2625 1003 2667 fili.
1068 2623 1241 2665 Pridem
1263 2620 1307 2661 in
1329 2619 1478 2660 nostro
1501 2612 1773 2669 repe11tino2)
1797 2621 1967 2651 recessu
1991 2620 2014 2647 a

263 2703 369 2746 villa
391 2701 585 2754 Morelle,
618 2700 694 2742 ubi
726 2709 1072 2741 conveneramus
1105 2707 1201 2735 cum
1234 2689 1456 2733 carissimo
1488 2687 1532 2728 in
1555 2684 1724 2727 Christo
1756 2680 1844 2722 filio
1867 2679 2013 2719 nostro

383 2879 414 2914 a>
435 2879 517 2907 Hier
535 2877 621 2913 folyt
640 2877 707 2904 eine
727 2874 842 2903 Liicke.

194 2945 250 2988 35
387 2941 414 2984 ι)
440 2939 540 2974 Das-3
566 2938 631 2972 der
649 2936 764 2981 Kiiniy
789 2946 857 2969 von
874 2932 1046 2967 Navarra
1069 2929 1133 2963 cler
1150 2926 1326 2961 Adressat
1350 2923 1404 2964 ist,
1431 2919 1545 2965 eryibt
1568 2917 1640 2951 siclt
1666 2927 1728 2950 aus
1748 2911 1963 2954 Amnerkuny
1987 2967 1993 2974 ⁴

387 2999 415 3044 ²)
440 2998 530 3033 Eine
557 2997 738 3044 auffc'c'IIiye
758 2993 985 3040 Auspieluny.
1026 2988 1128 3024 Naclt
1155 2986 1270 3021 seitzer
1287 2980 1502 3017 Instruktion
1517 2978 1585 3023 fiir
1601 2976 1654 3010 die
1679 2972 1872 3009 Gesandten
1898 2981 1940 3002 an
1958 2968 2010 3001 du:

265 3058 421 3106 Kiiniyin
445 3058 609 3092 ιΙοΙιιιηηα
634 3056 728 3090 hatte
754 3053 851 3088 nicht
875 3048 1047 3085 Benedikt
1071 3045 1220 3082 sondern
1245 3039 1448 3077 Ferdinand
1469 3037 1547 3072 Eile
1574 3032 1851 3080 weyzukommeu.

1651 3090 1738 3134 22*
