2216 3432
240 170 323 211 346
561 176 622 210 III.
649 175 848 210 Abschnitt.
899 171 1170 217 Vorgeschichte
1196 171 1257 205 des
1282 171 1508 207 Konstanzer
1530 168 1690 206 Konzils.

239 286 400 334 sancte,
434 284 498 325 ita
529 283 644 324 iuste
665 281 884 335 gubernet
914 277 1145 321 ecclesiam
1168 278 1366 319 sanctam
1396 275 1476 318 Dei
1508 276 1593 318 nisi
1616 275 1823 318 dominus
1854 275 2006 317 noster

239 369 355 410 papa
385 354 663 396 Benedictus.
2178 343 2185 348 ’
2210 381 2216 407 4

356 426 580 476 Quantum
611 424 677 464 est
709 422 764 463 de
797 421 991 462 secundo
1032 418 1266 473 principali
1299 418 1503 470 articu10,
1544 416 1746 459 videlicet
1777 416 1832 459 de
1863 417 2005 471 impe-

238 498 406 543 ratore,
448 496 542 548 ipse
581 493 755 546 scripsit
797 505 846 533 ac
899 491 1117 533 solemnes
1157 488 1479 530 ambaxiatores
1522 487 1613 542 regi
1652 486 1837 529 Francie
1874 487 2005 540 misit,

239 567 513 621 pai-lamento
548 578 597 606 ac
620 562 893 605 universitati
928 559 1166 603 parisiensi
1188 559 1448 613 explicando
1480 571 1685 612 magnam
1713 555 2046 611 affectionem‚5

243 651 375 690 quam
409 636 514 677 dicit
546 649 592 676 se
624 635 786 676 habere
819 633 873 673 ad
905 632 1070 673 bonum
1103 631 1265 671 statum
1306 629 1569 671 universalis
1601 628 1809 680 ecclesie,
1850 628 2007 671 exhor-

240 708 375 749 tando
408 706 626 760 prefatum
662 717 827 758 regem,
867 703 983 756 quod
1022 701 1117 755 ipse
1159 700 1263 743 velit
1305 700 1480 741 mittere
1522 700 1741 741 solemnes
1782 699 2007 741 ambaxia-

238 780 354 820 tores
396 778 512 818 dicto
555 773 810 829 imperatori
850 775 889 814 et
929 773 1047 814 viros
1090 770 1433 822 ecclesiasticos,
1473 772 1539 821 ut,
1582 771 1819 824 antequam
1856 771 2007 824 partes

240 849 623 901 congregarentur,
657 846 918 886 tractaretur
950 843 1105 885 modus
1145 841 1318 883 concilii
1358 841 1590 895 generalis,
1603 841 1637 895 ¹)
1675 841 1856 895 propter
1888 840 2007 894 quod

241 919 472 959 concilium
506 916 700 959 Parisius
733 915 920 957 maxima
959 913 1188 955 altercacio
1221 915 1286 954 est
1319 925 1454 966 supra
1486 912 1666 954 modum
1698 911 1802 953 dicti
1834 910 2007 954 concilii
2026 911 2080 952 10

240 991 284 1029 et
321 989 598 1042 presidencia
637 987 850 1028 eiusdem.
924 985 1041 1030 Ideo,
1080 983 1358 1025 sanctissime
1400 984 1541 1036 pater,
1589 981 1768 1024 avisetis
1815 981 2007 1035 aliquem

238 1061 404 1101 bonum
437 1072 485 1100 ac
509 1059 740 1099 honesturn
764 1057 953 1102 modum,
989 1058 1038 1097 ut
1071 1055 1148 1096 tilii
1172 1054 1305 1095 vestri
1340 1052 1610 1094 devotissimi
1638 1052 1795 1095 melius
1817 1054 2008 1095 tractare

239 1130 410 1184 possint
457 1143 536 1182 pro
575 1129 806 1169 sanctitate
855 1129 1012 1177 vestra,
1055 1126 1170 1179 quia,
1212 1125 1285 1178 qui
1328 1125 1455 1166 ibunt
1498 1125 1587 1166 tam
1627 1137 1680 1166 ex
1724 1125 1851 1177 parte
1893 1122 2007 1178 regis

240 1200 434 1249 Francie,
478 1198 736 1253 parlamenti
772 1212 821 1239 ac
862 1196 1171 1242 universitatis,
1212 1209 1292 1249 pro
1334 1195 1489 1237 maiori
1531 1197 1657 1249 parte
1689 1195 1820 1236 erunt
1856 1194 2007 1247 vestri,

239 1271 332 1312 visa
365 1268 710 1323 dispositi‹›ne.2)
763 1268 877 1315 IdeO,
912 1267 1186 1308 sanctissime
1213 1268 1353 1320 pater,
1386 1267 1431 1307 in
1465 1266 1548 1307 isto
1571 1265 1755 1307 articulo
1787 1266 1854 1307 est
1884 1265 2007 1319 prin·
2025 1264 2076 1306 15

240 1340 436 1394 ‹·ipaliter
476 1340 748 1381 avisandum.
811 1338 1110 1379 Avisabantur
1148 1338 1265 1379 enim
1306 1337 1393 1378 duo
1437 1337 1554 1379 modi
1596 1335 1813 1388 Parisius‚
1861 1336 2006 1391 primo

240 1412 357 1464 quod
392 1413 534 1451 essent
570 1411 674 1451 certi
710 1410 907 1464 deputati
942 1410 1159 1450 solemnes
1199 1409 1244 1450 in
1284 1421 1470 1449 numero
1504 1407 1650 1461 equali
1693 1420 1775 1460 pro
1808 1419 2007 1461 quacun-

240 1495 324 1535 que
347 1483 471 1535 parte
504 1483 541 1521 et
578 1481 647 1522 isti
681 1494 832 1522 omnes
856 1482 999 1522 essent
1035 1480 1311 1533 presidentes
1344 1480 1387 1521 et
1410 1478 1615 1520 audirent
1647 1479 1796 1532 partes
1828 1478 1872 1518 et
1902 1478 2006 1519 tunc

240 1553 384 1603 dare⁸)
420 1552 671 1604 unicuique,
705 1552 821 1604 quod
856 1564 984 1592 sunm
1018 1552 1096 1592 est.
1157 1550 1388 1592 Secundus
1421 1549 1580 1591 modus
1613 1550 1692 1601 est,
1725 1548 1843 1602 quod
1866 1548 2007 1601 impe-

240 1624 357 1663 rator
389 1635 487 1663 cum
520 1636 738 1663 consensu
771 1622 968 1675 parcium
1001 1623 1117 1663 esset
1148 1621 1393 1675 presidens.
1460 1620 1739 1674 Arguebmt,
1773 1618 1877 1672 quia
1908 1619 2005 1672 ipse
2021 1617 2078 1659 ΞΟ

240 1693 479 1746 imperator
518 1707 605 1735 non
648 1694 714 1733 est
756 1693 1025 1734 indifferens.
1090 1692 1460 1746 Respondebatur
1500 1705 1579 1745 per
1617 1690 1788 1744 aliquos
1830 1691 2007 1731 contra-

241 1764 353 1805 rium
393 1766 434 1804 et
476 1765 591 1817 quod
641 1764 733 1816 ipse
781 1765 843 1804 est
894 1763 1157 1804 intencionis
1205 1776 1292 1805 non
1340 1763 1521 1805 obedire
1568 1762 1718 1813 alicui,
1771 1773 2006 1814 quousque

240 1834 367 1876 suerit
403 1834 558 1875 unicus
591 1836 631 1875 et
665 1834 952 1875 indubitatus.

360 1904 427 1945 Ad
475 1905 659 1946 tercium
703 1905 931 1946 articulum
978 1919 1029 1946 ex
1077 1906 1203 1958 parte
1249 1903 1527 1946 dominorum
1570 1902 1768 1950 Francie,
1809 1901 1921 1957 regis
1963 1902 2008 1943 et

240 1978 431 2027 omnesa)
466 1976 519 2016 de
552 1976 763 2029 sanguine
796 1988 874 2016 suo
908 1977 1233 2027 concluserunt,
1266 1975 1384 2029 quod
1417 1975 1542 2017 erant
1574 1973 1763 2016 affectati
1796 1972 1925 2014 dictis
1957 1984 2008 2013 ac
2021 1971 2078 2013 25

241 2045 470 2086 desideriis
503 2046 639 2099 ipsius
678 2047 956 2100 imperatoris
994 2048 1037 2088 et
1077 2047 1196 2100 quod
1237 2046 1357 2088 locus
1400 2046 1473 2088 ille
1506 2046 1560 2087 de
1592 2043 1856 2087 Constancia
1893 2043 2008 2085 bene

241 2116 443 2168 placebat
476 2116 600 2158 dictis
634 2117 834 2158 dominis.
897 2119 1207 2158 Verumtamen
1241 2117 1446 2158 dominus
1478 2129 1626 2158 comes
1658 2115 1712 2157 de
1744 2113 2007 2156 Armaniaco

241 2187 285 2227 et
317 2186 521 2228 dominus
554 2188 909 2242 archiepiscopus
933 2189 1205 2229 Senonensis
1218 2188 1255 2243 3)
1287 2188 1450 2230 vellent
1482 2186 1620 2240 magis
1652 2186 1784 2240 plane
1816 2186 1861 2227 et
1891 2185 2007 2226 iuste

242 2258 479 2310 procedere
513 2272 646 2311 super
678 2259 773 2300 istis
805 2261 849 2300 et
881 2273 1035 2301 omnes
1059 2258 1226 2301 domini
1255 2260 1358 2300 sunt
1390 2257 1517 2300 istius
1540 2256 1794 2312 oppinionis
1817 2254 2008 2310 demptis

359 2397 390 2431 a)
410 2397 449 2425 So
470 2398 520 2425 (lie
539 2398 772 2433 schwersdlliye
794 2399 1035 2427 Konetruktion.
2022 2396 2080 2438 30

363 2458 382 2499 ¹)
417 2456 488 2501 1⁷91.
523 2457 644 2491 hier-zu
674 2463 789 2492 unten.
839 2458 889 2493 Es
921 2459 1064 2493 leamlelc
1093 2459 1167 2493 sich
1200 2459 1278 2493 hier
1308 2458 1405 2492 nicht
1434 2469 1490 2492 mn
1519 2457 1575 2492 die
1602 2461 1696 2491 erate
1729 2454 2010 2501 Gesandtscltafe

242 2525 316 2547 vom
349 2515 381 2548 9.
416 2515 608 2549 November
641 2517 741 2551 1413.
796 2517 1007 2565 Deme-lilim
1045 2518 1221 2564 Austriiye
1258 2518 1387 2564 yinyen
1425 2517 1522 2552 nieht
1558 2516 1690 2551 soweit.
1746 2513 2007 2550 Ausdriickliela

243 2572 379 2607 erkliirt
409 2574 458 2608 xie
489 2575 563 2608 dam
592 2575 715 2609 ΜϋηςΙι
742 2588 806 2610 von
836 2576 888 2611 St.
920 2577 1052 2623 Delusa,
1088 2578 1138 2612 sie
1165 2577 1252 2611 habe
1280 2577 1379 2612 keine
1406 2576 1542 2611 andern
1567 2575 1744 2621 Austriiye
1771 2574 1825 2609 ale
1850 2573 1906 2608 die
1932 2573 2009 2608 dem
2208 2598 2216 2623 4

244 2631 375 2677 Kb'm'ye
403 2633 576 2678 offentlicle
603 2635 861 2679 mityetheilten.
924 2636 997 2670 ll'as
1023 2637 1101 2670 leier
1128 2636 1333 2682 Siyismund
1356 2635 1537 2682 beziiylicla
1563 2635 1628 2669 der
1646 2633 1814 2679 Sendemy
1838 2644 1907 2668 von
1939 2631 2007 2667 Ge-

244 2691 389 2725 sandten
414 2693 571 2736 sordere,
608 2694 698 2727 wird
728 2695 932 2729 11·iezlerl10lt
961 2696 993 2729 ἱιι
1027 2708 1147 2730 semen
1179 2694 1377 2730 Sclcreiben
1407 2695 1477 2730 seit
1505 2693 1670 2729 Febr-nar
1702 2692 1876 2734 erwiihnt3
1912 2691 2011 2726 nicht
2022 2690 2077 2733 35

244 2748 341 2795 aber,
369 2762 438 2784 was
466 2763 505 2784 er
529 2753 591 2786 mit
614 2753 716 2786 itmen
740 2753 954 2788 verbandeln
978 2755 1105 2789 wollte.
1158 2754 1236 2789 Dae
1262 2754 1340 2789 hier
1371 2753 1527 2800 Gesayte
1552 2752 1645 2787 wird
1665 2751 1795 2798 richtae'y
1820 2751 1908 2786 aein-

363 2810 389 2853 ²³)
417 2809 494 2844 Das
528 2811 574 2845 isc
606 2812 782 2846 antiit-liele
814 2813 915 2847 stark
948 2813 1185 2848 iibertroe'eben.
1237 2814 1307 2848 Die
1340 2813 1453 2848 Botere
1482 2823 1604 2847 waren
1632 2811 1767 2846 damula
1799 2808 2009 2845 schwerlich

244 2867 350 2902 seleon
376 2867 553 2903 bestimmt.

363 2927 390 2971 ³)
417 2927 514 2962 Dass
545 2928 609 2963 der
634 2929 727 2964 1418
752 2931 947 2966 ermordete
979 2931 1079 2978 θνα]
1106 2931 1298 2966 Bernlaard
1317 2943 1387 2966 von
1411 2930 1610 2976 Annaynac
1645 2928 1911 2964 entockiedener
1934 2925 2008 2962 An-
2147 2966 2150 2975 ,

244 2984 377 3030 laiinyer
403 2985 590 3022 Benedikts
619 2989 801 3034 yeblieben
831 3002 907 3024 war
938 2995 1031 3025 trotz
1061 2991 1126 3025 der
1153 2990 1385 3026 Subtracuon
1413 2989 1479 3025 cler
1503 2988 1680 3025 Ohedienz
1703 2998 1773 3023 von
1797 2985 1902 3033 1408,
1932 2983 2082 3029 war40

245 3041 405 3080 bekannt.
453 3044 562 3081 Niclaet
585 3058 623 3081 30
648 3058 725 3082 vom
749 3047 972 3096 Erzbischof
990 3060 1059 3085 von
1085 3048 1188 3086 Sem.
