<?xml version="1.0" encoding="UTF-8"?>
<!DOCTYPE html PUBLIC "-//W3C//DTD XHTML 1.0 Transitional//EN"
    "http://www.w3.org/TR/xhtml1/DTD/xhtml1-transitional.dtd">
<html xmlns="http://www.w3.org/1999/xhtml" xml:lang="en" lang="en">
 <head>
  <title>
</title>
<meta http-equiv="Content-Type" content="text/html;charset=utf-8" />
  <meta name='ocr-system' content='tesseract 3.04.00' />
  <meta name='ocr-capabilities' content='ocr_page ocr_carea ocr_par ocr_line ocrx_word'/>
</head>
<body>
  <div class='ocr_page' id='page_1' title='image "./actaconciliicons01counuoft_0148.png"; bbox 0 0 2216 3432; ppageno 0'>
   <div class='ocr_carea' id='block_1_1' title="bbox 2003 0 2216 355">
    <p class='ocr_par' dir='ltr' id='par_1_1' title="bbox 2003 0 2216 355">
     <span class='ocr_line' id='line_1_1' title="bbox 2003 0 2216 355; baseline 0 -144"><span class='ocrx_word' id='word_1_1' title='bbox 2003 0 2216 355; x_wconf 95' lang='lat' dir='ltr'>   </span> 
     </span>
    </p>
   </div>
   <div class='ocr_carea' id='block_1_2' title="bbox 255 144 1695 197">
    <p class='ocr_par' dir='ltr' id='par_1_2' title="bbox 255 144 1695 197">
     <span class='ocr_line' id='line_1_2' title="bbox 255 144 1695 197; baseline -0.013 0"><span class='ocrx_word' id='word_1_2' title='bbox 255 155 357 197; x_wconf 35' lang='lat'>*134</span> <span class='ocrx_word' id='word_1_3' title='bbox 589 159 631 193; x_wconf 93' lang='lat'>11.</span> <span class='ocrx_word' id='word_1_4' title='bbox 658 155 850 191; x_wconf 90' lang='lat' dir='ltr'>Abschnitt.</span> <span class='ocrx_word' id='word_1_5' title='bbox 899 152 968 185; x_wconf 86' lang='lat' dir='ltr'>Das</span> <span class='ocrx_word' id='word_1_6' title='bbox 994 148 1162 183; x_wconf 77' lang='lat' dir='ltr'>romische</span> <span class='ocrx_word' id='word_1_7' title='bbox 1189 145 1328 182; x_wconf 90' lang='lat' dir='ltr'>Konzil.</span> <span class='ocrx_word' id='word_1_8' title='bbox 1379 145 1469 180; x_wconf 86' lang='lat'>1412</span> <span class='ocrx_word' id='word_1_9' title='bbox 1493 144 1567 179; x_wconf 85' lang='lat' dir='ltr'>und</span> <span class='ocrx_word' id='word_1_10' title='bbox 1594 144 1695 179; x_wconf 88' lang='lat'>1413.</span> 
     </span>
    </p>
   </div>
   <div class='ocr_carea' id='block_1_3' title="bbox 272 247 2095 2488">
    <p class='ocr_par' dir='ltr' id='par_1_3' title="bbox 272 247 2011 450">
     <span class='ocr_line' id='line_1_3' title="bbox 272 247 2008 319; baseline -0.014 -7"><span class='ocrx_word' id='word_1_11' title='bbox 272 268 413 312; x_wconf 84' lang='lat' dir='ltr'>tencia</span> <span class='ocrx_word' id='word_1_12' title='bbox 456 264 645 319; x_wconf 87' lang='lat' dir='ltr'>corporis</span> <span class='ocrx_word' id='word_1_13' title='bbox 690 261 758 303; x_wconf 89' lang='lat' dir='ltr'>vel</span> <span class='ocrx_word' id='word_1_14' title='bbox 803 272 853 300; x_wconf 88' lang='lat' dir='ltr'>ex</span> <span class='ocrx_word' id='word_1_15' title='bbox 897 255 1081 299; x_wconf 86' lang='lat' dir='ltr'>deffectu</span> <span class='ocrx_word' id='word_1_16' title='bbox 1127 251 1314 306; x_wconf 83' lang='lat' dir='ltr'>pecunie</span> <span class='ocrx_word' id='word_1_17' title='bbox 1355 251 1423 293; x_wconf 89' lang='lat' dir='ltr'>vel</span> <span class='ocrx_word' id='word_1_18' title='bbox 1471 263 1524 292; x_wconf 83' lang='lat' dir='ltr'>ex</span> <span class='ocrx_word' id='word_1_19' title='bbox 1570 248 1779 303; x_wconf 87' lang='lat' dir='ltr'>periculis</span> <span class='ocrx_word' id='word_1_20' title='bbox 1824 247 2008 290; x_wconf 87' lang='lat' dir='ltr'>viarum.</span> 
     </span>
     <span class='ocr_line' id='line_1_4' title="bbox 277 317 2011 387; baseline -0.013 -6"><span class='ocrx_word' id='word_1_21' title='bbox 277 341 372 381; x_wconf 94' lang='lat' dir='ltr'>Non</span> <span class='ocrx_word' id='word_1_22' title='bbox 405 335 630 387; x_wconf 81' lang='lat' dir='ltr'>assurgunt</span> <span class='ocrx_word' id='word_1_23' title='bbox 662 344 789 385; x_wconf 89' lang='lat' dir='ltr'>quam</span> <span class='ocrx_word' id='word_1_24' title='bbox 827 328 974 381; x_wconf 86' lang='lat' dir='ltr'>plures</span> <span class='ocrx_word' id='word_1_25' title='bbox 1006 323 1202 366; x_wconf 86' lang='lat' dir='ltr'>homines</span> <span class='ocrx_word' id='word_1_26' title='bbox 1245 322 1301 363; x_wconf 90' lang='lat' dir='ltr'>ad</span> <span class='ocrx_word' id='word_1_27' title='bbox 1332 334 1456 363; x_wconf 87' lang='lat' dir='ltr'>suam</span> <span class='ocrx_word' id='word_1_28' title='bbox 1498 317 1906 362; x_wconf 79' lang='lat' dir='ltr'>reconciliacionem</span> <span class='ocrx_word' id='word_1_29' title='bbox 1943 319 2011 360; x_wconf 87' lang='lat' dir='ltr'>set</span> 
     </span>
     <span class='ocr_line' id='line_1_5' title="bbox 276 391 1647 450; baseline -0.015 0"><span class='ocrx_word' id='word_1_30' title='bbox 276 410 320 450; x_wconf 91' lang='lat' dir='ltr'>in</span> <span class='ocrx_word' id='word_1_31' title='bbox 341 405 439 448; x_wconf 69' lang='lat' dir='ltr'>&#39;suis</span> <span class='ocrx_word' id='word_1_32' title='bbox 472 403 707 446; x_wconf 79' lang='lat' dir='ltr'>defectibus</span> <span class='ocrx_word' id='word_1_33' title='bbox 740 397 958 441; x_wconf 90' lang='lat' dir='ltr'>dormiunt</span> <span class='ocrx_word' id='word_1_34' title='bbox 987 395 1032 436; x_wconf 90' lang='lat' dir='ltr'>in</span> <span class='ocrx_word' id='word_1_35' title='bbox 1064 392 1354 447; x_wconf 76' lang='lat' dir='ltr'>prejudicium</span> <span class='ocrx_word' id='word_1_36' title='bbox 1387 391 1647 433; x_wconf 88' lang='lat' dir='ltr'>animarum.</span> 
     </span>
    </p>

    <p class='ocr_par' dir='ltr' id='par_1_4' title="bbox 274 458 2085 1018">
     <span class='ocr_line' id='line_1_6' title="bbox 389 458 2010 530; baseline -0.01 -14"><span class='ocrx_word' id='word_1_37' title='bbox 389 475 429 530; x_wconf 65' lang='grc' dir='ltr'>[ξ</span> <span class='ocrx_word' id='word_1_38' title='bbox 461 475 505 528; x_wconf 88' lang='grc'>5]</span> <span class='ocrx_word' id='word_1_39' title='bbox 566 474 674 514; x_wconf 90' lang='lat' dir='ltr'>Item</span> <span class='ocrx_word' id='word_1_40' title='bbox 724 468 991 523; x_wconf 77' lang='lat' dir='ltr'>proponatur</span> <span class='ocrx_word' id='word_1_41' title='bbox 1037 465 1081 505; x_wconf 92' lang='lat' dir='ltr'>in</span> <span class='ocrx_word' id='word_1_42' title='bbox 1130 463 1245 504; x_wconf 89' lang='lat' dir='ltr'>dicto</span> <span class='ocrx_word' id='word_1_43' title='bbox 1287 462 1491 512; x_wconf 83' lang='lat' dir='ltr'>concilio,</span> <span class='ocrx_word' id='word_1_44' title='bbox 1544 460 1664 514; x_wconf 91' lang='lat' dir='ltr'>quod</span> <span class='ocrx_word' id='word_1_45' title='bbox 1705 458 2010 501; x_wconf 82' lang='lat' dir='ltr'>mendicantes</span> 
     </span>
     <span class='ocr_line' id='line_1_7' title="bbox 276 529 2052 588; baseline -0.009 0"><span class='ocrx_word' id='word_1_46' title='bbox 276 547 414 588; x_wconf 88' lang='lat' dir='ltr'>nullas</span> <span class='ocrx_word' id='word_1_47' title='bbox 445 543 621 586; x_wconf 85' lang='lat' dir='ltr'>audiant</span> <span class='ocrx_word' id='word_1_48' title='bbox 652 539 962 586; x_wconf 83' lang='lat' dir='ltr'>confessiones,</span> <span class='ocrx_word' id='word_1_49' title='bbox 1000 534 1083 576; x_wconf 87' lang='lat' dir='ltr'>nisi</span> <span class='ocrx_word' id='word_1_50' title='bbox 1117 534 1170 575; x_wconf 92' lang='lat' dir='ltr'>de</span> <span class='ocrx_word' id='word_1_51' title='bbox 1203 532 1386 574; x_wconf 82' lang='lat' dir='ltr'>licencia</span> <span class='ocrx_word' id='word_1_52' title='bbox 1416 532 1684 585; x_wconf 77' lang='lat' dir='ltr'>prelatorum</span> <span class='ocrx_word' id='word_1_53' title='bbox 1718 529 1935 571; x_wconf 87' lang='lat' dir='ltr'>maiorum</span> <span class='ocrx_word' id='word_1_54' title='bbox 1967 531 2052 572; x_wconf 83' lang='lat' dir='ltr'>et5</span> 
     </span>
     <span class='ocr_line' id='line_1_8' title="bbox 274 599 2012 663; baseline -0.009 -5"><span class='ocrx_word' id='word_1_55' title='bbox 274 617 497 663; x_wconf 85' lang='lat' dir='ltr'>minorum,</span> <span class='ocrx_word' id='word_1_56' title='bbox 530 611 690 653; x_wconf 84' lang='lat' dir='ltr'>scilicet</span> <span class='ocrx_word' id='word_1_57' title='bbox 721 610 982 650; x_wconf 89' lang='lat' dir='ltr'>curatorum.</span> <span class='ocrx_word' id='word_1_58' title='bbox 1037 604 1117 646; x_wconf 92' lang='lat' dir='ltr'>Hic</span> <span class='ocrx_word' id='word_1_59' title='bbox 1141 603 1352 644; x_wconf 80' lang='lat' dir='ltr'>articulus</span> <span class='ocrx_word' id='word_1_60' title='bbox 1384 604 1450 643; x_wconf 89' lang='lat' dir='ltr'>est</span> <span class='ocrx_word' id='word_1_61' title='bbox 1473 615 1554 655; x_wconf 87' lang='lat' dir='ltr'>per</span> <span class='ocrx_word' id='word_1_62' title='bbox 1576 601 1805 642; x_wconf 86' lang='lat' dir='ltr'>ecclesiam</span> <span class='ocrx_word' id='word_1_63' title='bbox 1830 599 2012 642; x_wconf 88' lang='lat' dir='ltr'>Francie</span> 
     </span>
     <span class='ocr_line' id='line_1_9' title="bbox 276 670 2013 733; baseline -0.008 -6"><span class='ocrx_word' id='word_1_64' title='bbox 276 699 351 727; x_wconf 83' lang='lat' dir='ltr'>seu</span> <span class='ocrx_word' id='word_1_65' title='bbox 382 695 529 725; x_wconf 88' lang='lat' dir='ltr'>omnes</span> <span class='ocrx_word' id='word_1_66' title='bbox 561 680 676 733; x_wconf 86' lang='lat' dir='ltr'>regni</span> <span class='ocrx_word' id='word_1_67' title='bbox 709 678 909 732; x_wconf 79' lang='lat' dir='ltr'>prelatos,</span> <span class='ocrx_word' id='word_1_68' title='bbox 941 688 1018 729; x_wconf 91' lang='lat' dir='ltr'>per</span> <span class='ocrx_word' id='word_1_69' title='bbox 1050 672 1380 715; x_wconf 83' lang='lat' dir='ltr'>universitatem</span> <span class='ocrx_word' id='word_1_70' title='bbox 1414 671 1574 713; x_wconf 85' lang='lat' dir='ltr'>auxilio</span> <span class='ocrx_word' id='word_1_71' title='bbox 1598 671 1710 724; x_wconf 84' lang='lat' dir='ltr'>regis</span> <span class='ocrx_word' id='word_1_72' title='bbox 1743 673 1785 712; x_wconf 90' lang='lat' dir='ltr'>et</span> <span class='ocrx_word' id='word_1_73' title='bbox 1817 670 2013 713; x_wconf 89' lang='lat' dir='ltr'>omnium</span> 
     </span>
     <span class='ocr_line' id='line_1_10' title="bbox 277 742 2013 803; baseline -0.007 -7"><span class='ocrx_word' id='word_1_74' title='bbox 277 754 544 797; x_wconf 88' lang='lat' dir='ltr'>dominorum</span> <span class='ocrx_word' id='word_1_75' title='bbox 576 749 782 803; x_wconf 84' lang='lat' dir='ltr'>regalium</span> <span class='ocrx_word' id='word_1_76' title='bbox 823 748 866 788; x_wconf 90' lang='lat' dir='ltr'>in</span> <span class='ocrx_word' id='word_1_77' title='bbox 898 747 1049 787; x_wconf 86' lang='lat' dir='ltr'>vocato</span> <span class='ocrx_word' id='word_1_78' title='bbox 1081 743 1271 797; x_wconf 81' lang='lat' dir='ltr'>generali</span> <span class='ocrx_word' id='word_1_79' title='bbox 1306 742 1486 784; x_wconf 88' lang='lat' dir='ltr'>consilio</span> <span class='ocrx_word' id='word_1_80' title='bbox 1528 742 1754 783; x_wconf 89' lang='lat' dir='ltr'>humiliter</span> <span class='ocrx_word' id='word_1_81' title='bbox 1795 742 2013 794; x_wconf 86' lang='lat' dir='ltr'>petendus</span> 
     </span>
     <span class='ocr_line' id='line_1_11' title="bbox 277 811 2013 877; baseline -0.007 -11"><span class='ocrx_word' id='word_1_82' title='bbox 277 827 319 867; x_wconf 89' lang='lat' dir='ltr'>et</span> <span class='ocrx_word' id='word_1_83' title='bbox 348 821 686 877; x_wconf 85' lang='lat' dir='ltr'>prosequendus.</span> <span class='ocrx_word' id='word_1_84' title='bbox 738 818 793 859; x_wconf 87' lang='lat' dir='ltr'>Et</span> <span class='ocrx_word' id='word_1_85' title='bbox 824 815 1004 858; x_wconf 90' lang='lat' dir='ltr'>colorari</span> <span class='ocrx_word' id='word_1_86' title='bbox 1038 816 1182 867; x_wconf 87' lang='lat' dir='ltr'>potest</span> <span class='ocrx_word' id='word_1_87' title='bbox 1214 812 1422 855; x_wconf 73' lang='lat' dir='ltr'>articulus</span> <span class='ocrx_word' id='word_1_88' title='bbox 1455 827 1505 854; x_wconf 89' lang='lat' dir='ltr'>ex</span> <span class='ocrx_word' id='word_1_89' title='bbox 1538 811 1895 864; x_wconf 79' lang='lat' dir='ltr'>contingentibus</span> <span class='ocrx_word' id='word_1_90' title='bbox 1927 811 2013 854; x_wconf 87' lang='lat' dir='ltr'>iuri</span> 
     </span>
     <span class='ocr_line' id='line_1_12' title="bbox 276 882 2085 944; baseline -0.005 -9"><span class='ocrx_word' id='word_1_91' title='bbox 276 896 443 944; x_wconf 79' lang='lat' dir='ltr'>nature,</span> <span class='ocrx_word' id='word_1_92' title='bbox 489 890 571 932; x_wconf 88' lang='lat' dir='ltr'>iuri</span> <span class='ocrx_word' id='word_1_93' title='bbox 616 891 819 939; x_wconf 81' lang='lat' dir='ltr'>humanO,</span> <span class='ocrx_word' id='word_1_94' title='bbox 866 885 1156 927; x_wconf 82' lang='lat' dir='ltr'>ecclesiastico</span> <span class='ocrx_word' id='word_1_95' title='bbox 1196 885 1237 925; x_wconf 87' lang='lat' dir='ltr'>et</span> <span class='ocrx_word' id='word_1_96' title='bbox 1276 883 1359 924; x_wconf 89' lang='lat' dir='ltr'>iuri</span> <span class='ocrx_word' id='word_1_97' title='bbox 1403 883 1564 925; x_wconf 80' lang='lat' dir='ltr'>divino.</span> <span class='ocrx_word' id='word_1_98' title='bbox 1629 882 1825 934; x_wconf 75' lang='lat' dir='ltr'>Color-ari</span> <span class='ocrx_word' id='word_1_99' title='bbox 1873 882 2014 925; x_wconf 84' lang='lat' dir='ltr'>eciam</span> <span class='ocrx_word' id='word_1_100' title='bbox 2031 884 2085 926; x_wconf 89' lang='lat'>10</span> 
     </span>
     <span class='ocr_line' id='line_1_13' title="bbox 277 954 1499 1018; baseline -0.01 -13"><span class='ocrx_word' id='word_1_101' title='bbox 277 962 432 1018; x_wconf 91' lang='lat' dir='ltr'>poterit</span> <span class='ocrx_word' id='word_1_102' title='bbox 463 975 512 1002; x_wconf 87' lang='lat' dir='ltr'>ex</span> <span class='ocrx_word' id='word_1_103' title='bbox 542 959 712 1001; x_wconf 84' lang='lat' dir='ltr'>racione</span> <span class='ocrx_word' id='word_1_104' title='bbox 745 957 919 1010; x_wconf 84' lang='lat' dir='ltr'>congrui</span> <span class='ocrx_word' id='word_1_105' title='bbox 952 954 1194 996; x_wconf 77' lang='lat' dir='ltr'>honestatis</span> <span class='ocrx_word' id='word_1_106' title='bbox 1228 956 1269 995; x_wconf 90' lang='lat' dir='ltr'>et</span> <span class='ocrx_word' id='word_1_107' title='bbox 1302 954 1499 1009; x_wconf 88' lang='lat' dir='ltr'>debiti.¹)</span> 
     </span>
    </p>

    <p class='ocr_par' dir='ltr' id='par_1_5' title="bbox 281 1023 2085 1503">
     <span class='ocr_line' id='line_1_14' title="bbox 392 1023 2016 1086; baseline -0.004 -14"><span class='ocrx_word' id='word_1_108' title='bbox 392 1032 432 1086; x_wconf 64' lang='grc' dir='ltr'>[ξ</span> <span class='ocrx_word' id='word_1_109' title='bbox 464 1032 508 1085; x_wconf 81' lang='grc'>6]</span> <span class='ocrx_word' id='word_1_110' title='bbox 569 1031 675 1071; x_wconf 86' lang='lat' dir='ltr'>Item</span> <span class='ocrx_word' id='word_1_111' title='bbox 722 1028 837 1081; x_wconf 87' lang='lat' dir='ltr'>quod</span> <span class='ocrx_word' id='word_1_112' title='bbox 873 1026 1062 1079; x_wconf 77' lang='lat' dir='ltr'>nullae²²)</span> <span class='ocrx_word' id='word_1_113' title='bbox 1102 1025 1206 1066; x_wconf 80' lang='lat' dir='ltr'>siant</span> <span class='ocrx_word' id='word_1_114' title='bbox 1250 1025 1579 1078; x_wconf 87' lang='lat' dir='ltr'>predicaciones</span> <span class='ocrx_word' id='word_1_115' title='bbox 1619 1024 1702 1065; x_wconf 90' lang='lat' dir='ltr'>nisi</span> <span class='ocrx_word' id='word_1_116' title='bbox 1740 1025 1794 1066; x_wconf 89' lang='lat' dir='ltr'>de</span> <span class='ocrx_word' id='word_1_117' title='bbox 1833 1023 2016 1066; x_wconf 87' lang='lat' dir='ltr'>licencia</span> 
     </span>
     <span class='ocr_line' id='line_1_15' title="bbox 281 1094 2015 1156; baseline -0.004 -13"><span class='ocrx_word' id='word_1_118' title='bbox 281 1103 541 1156; x_wconf 88' lang='lat' dir='ltr'>prelatorum</span> <span class='ocrx_word' id='word_1_119' title='bbox 572 1099 781 1140; x_wconf 87' lang='lat' dir='ltr'>maiorum</span> <span class='ocrx_word' id='word_1_120' title='bbox 813 1099 855 1138; x_wconf 87' lang='lat' dir='ltr'>ct</span> <span class='ocrx_word' id='word_1_121' title='bbox 886 1097 1110 1138; x_wconf 86' lang='lat' dir='ltr'>minorum.</span> <span class='ocrx_word' id='word_1_122' title='bbox 1155 1095 1320 1136; x_wconf 87' lang='lat' dir='ltr'>scilicet</span> <span class='ocrx_word' id='word_1_123' title='bbox 1362 1098 1623 1136; x_wconf 85' lang='lat' dir='ltr'>curatorum.</span> <span class='ocrx_word' id='word_1_124' title='bbox 1687 1095 1771 1137; x_wconf 88' lang='lat' dir='ltr'>llic</span> <span class='ocrx_word' id='word_1_125' title='bbox 1801 1094 2015 1136; x_wconf 84' lang='lat' dir='ltr'>articulus</span> 
     </span>
     <span class='ocr_line' id='line_1_16' title="bbox 281 1164 2016 1221; baseline -0.004 -8"><span class='ocrx_word' id='word_1_126' title='bbox 281 1171 474 1214; x_wconf 87' lang='lat' dir='ltr'>similiter</span> <span class='ocrx_word' id='word_1_127' title='bbox 516 1171 581 1210; x_wconf 88' lang='lat' dir='ltr'>est</span> <span class='ocrx_word' id='word_1_128' title='bbox 625 1181 702 1221; x_wconf 87' lang='lat' dir='ltr'>per</span> <span class='ocrx_word' id='word_1_129' title='bbox 747 1167 969 1208; x_wconf 86' lang='lat' dir='ltr'>ecclesiam</span> <span class='ocrx_word' id='word_1_130' title='bbox 1015 1165 1195 1206; x_wconf 88' lang='lat' dir='ltr'>Francie</span> <span class='ocrx_word' id='word_1_131' title='bbox 1237 1168 1273 1206; x_wconf 82' lang='lat' dir='ltr'>ct</span> <span class='ocrx_word' id='word_1_132' title='bbox 1321 1165 1654 1207; x_wconf 82' lang='lat' dir='ltr'>universitatem</span> <span class='ocrx_word' id='word_1_133' title='bbox 1703 1164 1926 1207; x_wconf 87' lang='lat' dir='ltr'>humiliter</span> <span class='ocrx_word' id='word_1_134' title='bbox 1971 1164 2016 1206; x_wconf 94' lang='lat' dir='ltr'>in</span> 
     </span>
     <span class='ocr_line' id='line_1_17' title="bbox 283 1234 2085 1294; baseline -0.003 -11"><span class='ocrx_word' id='word_1_135' title='bbox 283 1241 467 1294; x_wconf 86' lang='lat' dir='ltr'>generali</span> <span class='ocrx_word' id='word_1_136' title='bbox 514 1238 692 1280; x_wconf 88' lang='lat' dir='ltr'>concilio</span> <span class='ocrx_word' id='word_1_137' title='bbox 731 1236 891 1278; x_wconf 91' lang='lat' dir='ltr'>domini</span> <span class='ocrx_word' id='word_1_138' title='bbox 935 1234 1111 1289; x_wconf 77' lang='lat' dir='ltr'>nostri&#39;&#39;)</span> <span class='ocrx_word' id='word_1_139' title='bbox 1157 1236 1374 1289; x_wconf 82' lang='lat' dir='ltr'>petendus</span> <span class='ocrx_word' id='word_1_140' title='bbox 1427 1238 1469 1277; x_wconf 82' lang='lat' dir='ltr'>et</span> <span class='ocrx_word' id='word_1_141' title='bbox 1516 1236 1854 1289; x_wconf 87' lang='lat' dir='ltr'>prosequendus</span> <span class='ocrx_word' id='word_1_142' title='bbox 1903 1234 2015 1289; x_wconf 87' lang='lat' dir='ltr'>regis</span> <span class='ocrx_word' id='word_1_143' title='bbox 2035 1236 2085 1278; x_wconf 89' lang='lat'>15</span> 
     </span>
     <span class='ocr_line' id='line_1_18' title="bbox 282 1306 2015 1359; baseline -0.003 -7"><span class='ocrx_word' id='word_1_144' title='bbox 282 1310 436 1352; x_wconf 84' lang='lat' dir='ltr'>auxilio</span> <span class='ocrx_word' id='word_1_145' title='bbox 469 1310 510 1350; x_wconf 87' lang='lat' dir='ltr'>et</span> <span class='ocrx_word' id='word_1_146' title='bbox 543 1307 807 1350; x_wconf 90' lang='lat' dir='ltr'>dominorum</span> <span class='ocrx_word' id='word_1_147' title='bbox 839 1306 1046 1347; x_wconf 81' lang='lat' dir='ltr'>invocato.</span> <span class='ocrx_word' id='word_1_148' title='bbox 1118 1307 1170 1346; x_wconf 74' lang='lat' dir='ltr'>Et</span> <span class='ocrx_word' id='word_1_149' title='bbox 1202 1306 1373 1347; x_wconf 87' lang='lat' dir='ltr'>fundari</span> <span class='ocrx_word' id='word_1_150' title='bbox 1405 1306 1566 1359; x_wconf 89' lang='lat' dir='ltr'>poterit</span> <span class='ocrx_word' id='word_1_151' title='bbox 1611 1308 1657 1347; x_wconf 90' lang='lat' dir='ltr'>ut</span> <span class='ocrx_word' id='word_1_152' title='bbox 1691 1306 1932 1359; x_wconf 85' lang='lat' dir='ltr'>precedens</span> <span class='ocrx_word' id='word_1_153' title='bbox 1964 1320 2015 1347; x_wconf 88' lang='lat' dir='ltr'>ex</span> 
     </span>
     <span class='ocr_line' id='line_1_19' title="bbox 283 1376 2016 1430; baseline -0.002 -8"><span class='ocrx_word' id='word_1_154' title='bbox 283 1381 453 1422; x_wconf 86' lang='lat' dir='ltr'>racione</span> <span class='ocrx_word' id='word_1_155' title='bbox 484 1377 654 1429; x_wconf 81' lang='lat' dir='ltr'>congrui</span> <span class='ocrx_word' id='word_1_156' title='bbox 692 1376 930 1417; x_wconf 85' lang='lat' dir='ltr'>honestatis</span> <span class='ocrx_word' id='word_1_157' title='bbox 970 1379 1011 1417; x_wconf 88' lang='lat' dir='ltr'>et</span> <span class='ocrx_word' id='word_1_158' title='bbox 1049 1376 1197 1426; x_wconf 78' lang='lat' dir='ltr'>debiti,</span> <span class='ocrx_word' id='word_1_159' title='bbox 1241 1391 1290 1417; x_wconf 80' lang='lat' dir='ltr'>cx</span> <span class='ocrx_word' id='word_1_160' title='bbox 1336 1376 1678 1430; x_wconf 80' lang='lat' dir='ltr'>congruentibus</span> <span class='ocrx_word' id='word_1_161' title='bbox 1720 1377 1801 1430; x_wconf 85' lang='lat' dir='ltr'>legi</span> <span class='ocrx_word' id='word_1_162' title='bbox 1844 1379 2016 1428; x_wconf 86' lang='lat' dir='ltr'>nature,</span> 
     </span>
     <span class='ocr_line' id='line_1_20' title="bbox 284 1446 1882 1503; baseline -0.002 -12"><span class='ocrx_word' id='word_1_163' title='bbox 284 1450 363 1503; x_wconf 85' lang='lat' dir='ltr'>legi</span> <span class='ocrx_word' id='word_1_164' title='bbox 395 1447 678 1490; x_wconf 82' lang='lat' dir='ltr'>ecclesiastice</span> <span class='ocrx_word' id='word_1_165' title='bbox 709 1446 890 1500; x_wconf 81' lang='lat' dir='ltr'>positive</span> <span class='ocrx_word' id='word_1_166' title='bbox 923 1448 964 1487; x_wconf 86' lang='lat' dir='ltr'>ct</span> <span class='ocrx_word' id='word_1_167' title='bbox 996 1446 1075 1499; x_wconf 86' lang='lat' dir='ltr'>legi</span> <span class='ocrx_word' id='word_1_168' title='bbox 1107 1447 1265 1497; x_wconf 81' lang='lat' dir='ltr'>(livine,</span> <span class='ocrx_word' id='word_1_169' title='bbox 1299 1448 1343 1487; x_wconf 90' lang='lat' dir='ltr'>ut</span> <span class='ocrx_word' id='word_1_170' title='bbox 1381 1447 1554 1488; x_wconf 83' lang='lat' dir='ltr'>videtur</span> <span class='ocrx_word' id='word_1_171' title='bbox 1586 1446 1727 1499; x_wconf 88' lang='lat' dir='ltr'>prima</span> <span class='ocrx_word' id='word_1_172' title='bbox 1761 1446 1882 1488; x_wconf 86' lang='lat' dir='ltr'>facie.</span> 
     </span>
    </p>

    <p class='ocr_par' dir='ltr' id='par_1_6' title="bbox 283 1516 2089 2066">
     <span class='ocr_line' id='line_1_21' title="bbox 400 1516 2017 1572; baseline 0 -15"><span class='ocrx_word' id='word_1_173' title='bbox 400 1518 440 1572; x_wconf 61' lang='grc' dir='ltr'>[ξ</span> <span class='ocrx_word' id='word_1_174' title='bbox 474 1518 516 1572; x_wconf 88' lang='grc'>7]</span> <span class='ocrx_word' id='word_1_175' title='bbox 575 1517 827 1568; x_wconf 71' lang='lat' dir='ltr'>Itemquod</span> <span class='ocrx_word' id='word_1_176' title='bbox 860 1517 1033 1557; x_wconf 78' lang='lat' dir='ltr'>admissi</span> <span class='ocrx_word' id='word_1_177' title='bbox 1066 1530 1144 1570; x_wconf 72' lang='lat' dir='ltr'>per</span> <span class='ocrx_word' id='word_1_178' title='bbox 1171 1518 1363 1570; x_wconf 72' lang='lat' dir='ltr'>prelatos</span> <span class='ocrx_word' id='word_1_179' title='bbox 1387 1518 1574 1558; x_wconf 86' lang='lat' dir='ltr'>maiores</span> <span class='ocrx_word' id='word_1_180' title='bbox 1597 1519 1670 1558; x_wconf 91' lang='lat' dir='ltr'>aut</span> <span class='ocrx_word' id='word_1_181' title='bbox 1695 1517 1886 1559; x_wconf 88' lang='lat' dir='ltr'>minores</span> <span class='ocrx_word' id='word_1_182' title='bbox 1932 1516 2017 1558; x_wconf 88' lang='lat' dir='ltr'>sci-</span> 
     </span>
     <span class='ocr_line' id='line_1_22' title="bbox 286 1586 2089 1641; baseline -0.002 -9"><span class='ocrx_word' id='word_1_183' title='bbox 286 1591 384 1632; x_wconf 90' lang='lat' dir='ltr'>licet</span> <span class='ocrx_word' id='word_1_184' title='bbox 415 1589 593 1635; x_wconf 72' lang='lat' dir='ltr'>curatos,</span> <span class='ocrx_word' id='word_1_185' title='bbox 627 1586 918 1627; x_wconf 85' lang='lat' dir='ltr'>consessiones</span> <span class='ocrx_word' id='word_1_186' title='bbox 942 1587 1118 1628; x_wconf 86' lang='lat' dir='ltr'>audiant</span> <span class='ocrx_word' id='word_1_187' title='bbox 1151 1587 1193 1627; x_wconf 89' lang='lat' dir='ltr'>in</span> <span class='ocrx_word' id='word_1_188' title='bbox 1218 1601 1366 1628; x_wconf 82' lang='lat' dir='ltr'>eorum</span> <span class='ocrx_word' id='word_1_189' title='bbox 1391 1587 1587 1628; x_wconf 86' lang='lat' dir='ltr'>ecclesiis</span> <span class='ocrx_word' id='word_1_190' title='bbox 1620 1588 1847 1629; x_wconf 87' lang='lat' dir='ltr'>dumtaxat</span> <span class='ocrx_word' id='word_1_191' title='bbox 1870 1587 2016 1641; x_wconf 80' lang='lat' dir='ltr'>palam</span> <span class='ocrx_word' id='word_1_192' title='bbox 2032 1590 2089 1630; x_wconf 75' lang='lat'>920</span> 
     </span>
     <span class='ocr_line' id='line_1_23' title="bbox 285 1656 2018 1712; baseline -0.002 -11"><span class='ocrx_word' id='word_1_193' title='bbox 285 1662 327 1701; x_wconf 88' lang='lat' dir='ltr'>et</span> <span class='ocrx_word' id='word_1_194' title='bbox 356 1658 524 1712; x_wconf 86' lang='lat' dir='ltr'>publice</span> <span class='ocrx_word' id='word_1_195' title='bbox 556 1658 597 1697; x_wconf 91' lang='lat' dir='ltr'>et</span> <span class='ocrx_word' id='word_1_196' title='bbox 628 1656 946 1708; x_wconf 79' lang='lat' dir='ltr'>predicaciones</span> <span class='ocrx_word' id='word_1_197' title='bbox 979 1658 1138 1698; x_wconf 86' lang='lat' dir='ltr'>saciant</span> <span class='ocrx_word' id='word_1_198' title='bbox 1180 1659 1222 1699; x_wconf 92' lang='lat' dir='ltr'>in</span> <span class='ocrx_word' id='word_1_199' title='bbox 1266 1658 1368 1699; x_wconf 77' lang='lat' dir='ltr'>locis</span> <span class='ocrx_word' id='word_1_200' title='bbox 1410 1658 1763 1712; x_wconf 81' lang='lat' dir='ltr'>parrochialibus</span> <span class='ocrx_word' id='word_1_201' title='bbox 1802 1659 1879 1700; x_wconf 89' lang='lat' dir='ltr'>aut</span> <span class='ocrx_word' id='word_1_202' title='bbox 1921 1657 2018 1699; x_wconf 87' lang='lat' dir='ltr'>aliis</span> 
     </span>
     <span class='ocr_line' id='line_1_24' title="bbox 283 1727 2019 1780; baseline -0.001 -9"><span class='ocrx_word' id='word_1_203' title='bbox 283 1729 385 1771; x_wconf 91' lang='lat' dir='ltr'>locis</span> <span class='ocrx_word' id='word_1_204' title='bbox 416 1727 598 1780; x_wconf 89' lang='lat' dir='ltr'>publicis</span> <span class='ocrx_word' id='word_1_205' title='bbox 635 1739 710 1779; x_wconf 89' lang='lat' dir='ltr'>per</span> <span class='ocrx_word' id='word_1_206' title='bbox 746 1727 933 1778; x_wconf 75' lang='lat' dir='ltr'>prelatos</span> <span class='ocrx_word' id='word_1_207' title='bbox 965 1727 1217 1769; x_wconf 78' lang='lat' dir='ltr'>ordinandis</span> <span class='ocrx_word' id='word_1_208' title='bbox 1260 1742 1344 1770; x_wconf 90' lang='grc'>11011</span> <span class='ocrx_word' id='word_1_209' title='bbox 1386 1729 1429 1769; x_wconf 89' lang='grc'>111</span> <span class='ocrx_word' id='word_1_210' title='bbox 1471 1742 1622 1770; x_wconf 87' lang='lat' dir='ltr'>eornm</span> <span class='ocrx_word' id='word_1_211' title='bbox 1660 1728 1870 1770; x_wconf 87' lang='lat' dir='ltr'>ecclesiis.</span> <span class='ocrx_word' id='word_1_212' title='bbox 1936 1727 2019 1769; x_wconf 89' lang='lat' dir='ltr'>Hic</span> 
     </span>
     <span class='ocr_line' id='line_1_25' title="bbox 284 1796 2019 1852; baseline -0.001 -11"><span class='ocrx_word' id='word_1_213' title='bbox 284 1799 488 1841; x_wconf 83' lang='lat' dir='ltr'>articulus</span> <span class='ocrx_word' id='word_1_214' title='bbox 526 1798 590 1838; x_wconf 87' lang='lat' dir='ltr'>est</span> <span class='ocrx_word' id='word_1_215' title='bbox 627 1796 823 1837; x_wconf 89' lang='lat' dir='ltr'>similiter</span> <span class='ocrx_word' id='word_1_216' title='bbox 860 1811 936 1850; x_wconf 83' lang='lat' dir='ltr'>per</span> <span class='ocrx_word' id='word_1_217' title='bbox 978 1799 1223 1847; x_wconf 76' lang='lat' dir='ltr'>ecclesiam,</span> <span class='ocrx_word' id='word_1_218' title='bbox 1273 1813 1414 1852; x_wconf 77' lang='lat' dir='ltr'>regem</span> <span class='ocrx_word' id='word_1_219' title='bbox 1455 1801 1497 1840; x_wconf 86' lang='lat' dir='ltr'>et</span> <span class='ocrx_word' id='word_1_220' title='bbox 1544 1799 1875 1841; x_wconf 82' lang='lat' dir='ltr'>universitatem</span> <span class='ocrx_word' id='word_1_221' title='bbox 1919 1812 2019 1840; x_wconf 90' lang='lat' dir='ltr'>cum</span> 
     </span>
     <span class='ocr_line' id='line_1_26' title="bbox 283 1866 2019 1923; baseline 0 -13"><span class='ocrx_word' id='word_1_222' title='bbox 283 1869 521 1910; x_wconf 86' lang='lat' dir='ltr'>humilitate</span> <span class='ocrx_word' id='word_1_223' title='bbox 554 1866 596 1907; x_wconf 94' lang='lat' dir='ltr'>in</span> <span class='ocrx_word' id='word_1_224' title='bbox 630 1866 808 1908; x_wconf 86' lang='lat' dir='ltr'>concilio</span> <span class='ocrx_word' id='word_1_225' title='bbox 831 1869 1018 1920; x_wconf 79' lang='lat' dir='ltr'>generali</span> <span class='ocrx_word' id='word_1_226' title='bbox 1043 1870 1258 1922; x_wconf 73' lang='lat' dir='ltr'>petendus</span> <span class='ocrx_word' id='word_1_227' title='bbox 1292 1872 1334 1911; x_wconf 84' lang='lat' dir='ltr'>ct</span> <span class='ocrx_word' id='word_1_228' title='bbox 1367 1871 1717 1923; x_wconf 75' lang='lat' dir='ltr'>prosequendus.</span> <span class='ocrx_word' id='word_1_229' title='bbox 1766 1870 1820 1911; x_wconf 82' lang='lat' dir='ltr'>Et</span> <span class='ocrx_word' id='word_1_230' title='bbox 1843 1868 2019 1912; x_wconf 85' lang='lat' dir='ltr'>fundari</span> 
     </span>
     <span class='ocr_line' id='line_1_27' title="bbox 284 1937 2089 1994; baseline 0.002 -15"><span class='ocrx_word' id='word_1_231' title='bbox 284 1939 442 1992; x_wconf 85' lang='lat' dir='ltr'>poterit</span> <span class='ocrx_word' id='word_1_232' title='bbox 473 1951 521 1978; x_wconf 82' lang='lat' dir='ltr'>ex</span> <span class='ocrx_word' id='word_1_233' title='bbox 554 1937 968 1986; x_wconf 74' lang='lat' dir='ltr'>inconvenientilnrs,</span> <span class='ocrx_word' id='word_1_234' title='bbox 1007 1940 1079 1992; x_wconf 88' lang='lat' dir='ltr'>qui</span> <span class='ocrx_word' id='word_1_235' title='bbox 1119 1943 1326 1981; x_wconf 78' lang='lat' dir='ltr'>secuntur</span> <span class='ocrx_word' id='word_1_236' title='bbox 1358 1943 1400 1981; x_wconf 86' lang='lat' dir='ltr'>et</span> <span class='ocrx_word' id='word_1_237' title='bbox 1434 1940 1728 1982; x_wconf 78' lang='lat' dir='ltr'>verisimiliter</span> <span class='ocrx_word' id='word_1_238' title='bbox 1760 1941 1881 1994; x_wconf 80' lang='lat' dir='ltr'>sequi</span> <span class='ocrx_word' id='word_1_239' title='bbox 1918 1953 2020 1993; x_wconf 87' lang='lat' dir='ltr'>pos-</span> <span class='ocrx_word' id='word_1_240' title='bbox 2034 1943 2089 1984; x_wconf 76' lang='lat'>‘25</span> 
     </span>
     <span class='ocr_line' id='line_1_28' title="bbox 289 2007 2021 2066; baseline 0.001 -17"><span class='ocrx_word' id='word_1_241' title='bbox 289 2010 387 2049; x_wconf 87' lang='lat' dir='ltr'>sunt</span> <span class='ocrx_word' id='word_1_242' title='bbox 425 2021 474 2048; x_wconf 91' lang='lat' dir='ltr'>ex</span> <span class='ocrx_word' id='word_1_243' title='bbox 511 2007 761 2048; x_wconf 81' lang='lat' dir='ltr'>visitacione</span> <span class='ocrx_word' id='word_1_244' title='bbox 798 2009 1114 2051; x_wconf 77' lang='lat' dir='ltr'>caniernlarum</span> <span class='ocrx_word' id='word_1_245' title='bbox 1155 2012 1198 2050; x_wconf 84' lang='lat' dir='ltr'>et</span> <span class='ocrx_word' id='word_1_246' title='bbox 1240 2024 1417 2052; x_wconf 82' lang='lat' dir='ltr'>suorum</span> <span class='ocrx_word' id='word_1_247' title='bbox 1457 2012 1651 2052; x_wconf 88' lang='lat' dir='ltr'>locorum</span> <span class='ocrx_word' id='word_1_248' title='bbox 1689 2010 2021 2066; x_wconf 75' lang='lat' dir='ltr'>secretor·11m.2)</span> 
     </span>
    </p>

    <p class='ocr_par' dir='ltr' id='par_1_7' title="bbox 286 2077 2095 2488">
     <span class='ocr_line' id='line_1_29' title="bbox 399 2077 2021 2131; baseline 0.002 -12"><span class='ocrx_word' id='word_1_249' title='bbox 399 2077 440 2130; x_wconf 64' lang='grc' dir='ltr'>[ξ</span> <span class='ocrx_word' id='word_1_250' title='bbox 471 2077 516 2131; x_wconf 85' lang='grc'>8]</span> <span class='ocrx_word' id='word_1_251' title='bbox 573 2077 678 2117; x_wconf 91' lang='lat' dir='ltr'>Item</span> <span class='ocrx_word' id='word_1_252' title='bbox 702 2077 799 2129; x_wconf 88' lang='lat' dir='ltr'>quia</span> <span class='ocrx_word' id='word_1_253' title='bbox 823 2080 1017 2120; x_wconf 90' lang='lat' dir='ltr'>nonnulli</span> <span class='ocrx_word' id='word_1_254' title='bbox 1042 2094 1191 2121; x_wconf 87' lang='lat' dir='ltr'>eorum</span> <span class='ocrx_word' id='word_1_255' title='bbox 1216 2081 1391 2123; x_wconf 79' lang='lat' dir='ltr'>mininie</span> <span class='ocrx_word' id='word_1_256' title='bbox 1415 2082 1661 2124; x_wconf 84' lang='lat' dir='ltr'>sentencias</span> <span class='ocrx_word' id='word_1_257' title='bbox 1685 2082 1794 2124; x_wconf 89' lang='lat' dir='ltr'>iuris</span> <span class='ocrx_word' id='word_1_258' title='bbox 1817 2082 2021 2123; x_wconf 86' lang='lat' dir='ltr'>verentes</span> 
     </span>
     <span class='ocr_line' id='line_1_30' title="bbox 288 2147 2022 2207; baseline 0.003 -20"><span class='ocrx_word' id='word_1_259' title='bbox 288 2147 528 2188; x_wconf 88' lang='lat' dir='ltr'>ministrant</span> <span class='ocrx_word' id='word_1_260' title='bbox 574 2149 839 2188; x_wconf 81' lang='lat' dir='ltr'>sacramenta</span> <span class='ocrx_word' id='word_1_261' title='bbox 878 2162 961 2190; x_wconf 93' lang='lat' dir='ltr'>non</span> <span class='ocrx_word' id='word_1_262' title='bbox 1005 2150 1140 2202; x_wconf 85' lang='lat' dir='ltr'>petita</span> <span class='ocrx_word' id='word_1_263' title='bbox 1179 2152 1356 2194; x_wconf 78' lang='lat' dir='ltr'>licencia</span> <span class='ocrx_word' id='word_1_264' title='bbox 1399 2166 1477 2194; x_wconf 86' lang='lat' dir='ltr'>nec</span> <span class='ocrx_word' id='word_1_265' title='bbox 1515 2153 1696 2194; x_wconf 80' lang='lat' dir='ltr'>obtenta</span> <span class='ocrx_word' id='word_1_266' title='bbox 1739 2166 1820 2207; x_wconf 93' lang='lat' dir='ltr'>pro</span> <span class='ocrx_word' id='word_1_267' title='bbox 1859 2152 2022 2206; x_wconf 64' lang='lat' dir='ltr'>penac)</span> 
     </span>
     <span class='ocr_line' id='line_1_31' title="bbox 286 2215 2022 2276; baseline 0.005 -21"><span class='ocrx_word' id='word_1_268' title='bbox 286 2215 387 2256; x_wconf 87' lang='lat' dir='ltr'>iuris</span> <span class='ocrx_word' id='word_1_269' title='bbox 419 2216 499 2256; x_wconf 93' lang='lat' dir='ltr'>IIII</span> <span class='ocrx_word' id='word_1_270' title='bbox 531 2215 679 2258; x_wconf 89' lang='lat' dir='ltr'>diebus</span> <span class='ocrx_word' id='word_1_271' title='bbox 711 2218 1006 2271; x_wconf 84' lang='lat' dir='ltr'>solempnibus</span> <span class='ocrx_word' id='word_1_272' title='bbox 1039 2222 1139 2262; x_wconf 92' lang='lat' dir='ltr'>anni</span> <span class='ocrx_word' id='word_1_273' title='bbox 1172 2223 1237 2263; x_wconf 74' lang='lat' dir='ltr'>vel</span> <span class='ocrx_word' id='word_1_274' title='bbox 1272 2223 1495 2275; x_wconf 86' lang='lat' dir='ltr'>pluribus,</span> <span class='ocrx_word' id='word_1_275' title='bbox 1538 2235 1681 2276; x_wconf 84' lang='lat' dir='ltr'>pasce,</span> <span class='ocrx_word' id='word_1_276' title='bbox 1720 2223 2022 2276; x_wconf 84' lang='lat' dir='ltr'>penthecoste,</span> 
     </span>
     <span class='ocr_line' id='line_1_32' title="bbox 287 2286 2095 2347; baseline 0.006 -20"><span class='ocrx_word' id='word_1_277' title='bbox 287 2286 475 2327; x_wconf 91' lang='lat' dir='ltr'>omnium</span> <span class='ocrx_word' id='word_1_278' title='bbox 507 2289 750 2328; x_wconf 90' lang='lat' dir='ltr'>sanctorum</span> <span class='ocrx_word' id='word_1_279' title='bbox 789 2290 830 2329; x_wconf 90' lang='lat' dir='ltr'>et</span> <span class='ocrx_word' id='word_1_280' title='bbox 863 2289 1104 2332; x_wconf 78' lang='lat' dir='ltr'>nativitatis</span> <span class='ocrx_word' id='word_1_281' title='bbox 1144 2293 1305 2334; x_wconf 83' lang='lat' dir='ltr'>domini</span> <span class='ocrx_word' id='word_1_282' title='bbox 1344 2292 1386 2333; x_wconf 90' lang='lat' dir='ltr'>in</span> <span class='ocrx_word' id='word_1_283' title='bbox 1427 2293 1611 2347; x_wconf 85' lang='lat' dir='ltr'>singulis</span> <span class='ocrx_word' id='word_1_284' title='bbox 1644 2292 1842 2335; x_wconf 83' lang='lat' dir='ltr'>ecclesiis</span> <span class='ocrx_word' id='word_1_285' title='bbox 1870 2305 2023 2347; x_wconf 91' lang='lat' dir='ltr'>parro-</span> <span class='ocrx_word' id='word_1_286' title='bbox 2037 2295 2095 2337; x_wconf 88' lang='grc'>30</span> 
     </span>
     <span class='ocr_line' id='line_1_33' title="bbox 289 2354 2024 2417; baseline 0.005 -22"><span class='ocrx_word' id='word_1_287' title='bbox 289 2354 494 2396; x_wconf 86' lang='lat' dir='ltr'>chialibus</span> <span class='ocrx_word' id='word_1_288' title='bbox 532 2358 571 2396; x_wconf 90' lang='lat' dir='ltr'>et</span> <span class='ocrx_word' id='word_1_289' title='bbox 610 2357 702 2398; x_wconf 85' lang='lat' dir='ltr'>aliis</span> <span class='ocrx_word' id='word_1_290' title='bbox 742 2371 890 2399; x_wconf 82' lang='lat' dir='ltr'>omnes</span> <span class='ocrx_word' id='word_1_291' title='bbox 931 2360 1226 2403; x_wconf 86' lang='lat' dir='ltr'>mendicantes</span> <span class='ocrx_word' id='word_1_292' title='bbox 1267 2363 1369 2404; x_wconf 85' lang='lat' dir='ltr'>talia</span> <span class='ocrx_word' id='word_1_293' title='bbox 1412 2364 1624 2405; x_wconf 82' lang='lat' dir='ltr'>facientes</span> <span class='ocrx_word' id='word_1_294' title='bbox 1662 2364 1945 2417; x_wconf 86' lang='lat' dir='ltr'>publicentur</span> <span class='ocrx_word' id='word_1_295' title='bbox 1981 2363 2024 2404; x_wconf 89' lang='lat' dir='ltr'>et</span> 
     </span>
     <span class='ocr_line' id='line_1_34' title="bbox 289 2424 2023 2488; baseline 0.006 -24"><span class='ocrx_word' id='word_1_296' title='bbox 289 2424 592 2477; x_wconf 66' lang='lat' dir='ltr'>proponaturd)</span> <span class='ocrx_word' id='word_1_297' title='bbox 630 2426 697 2468; x_wconf 92' lang='lat' dir='ltr'>hic</span> <span class='ocrx_word' id='word_1_298' title='bbox 733 2428 989 2480; x_wconf 87' lang='lat' dir='ltr'>provisionis</span> <span class='ocrx_word' id='word_1_299' title='bbox 1025 2432 1179 2473; x_wconf 90' lang='lat' dir='ltr'>modus</span> <span class='ocrx_word' id='word_1_300' title='bbox 1217 2432 1401 2486; x_wconf 85' lang='lat' dir='ltr'>scilicet,</span> <span class='ocrx_word' id='word_1_301' title='bbox 1443 2435 1562 2488; x_wconf 90' lang='lat' dir='ltr'>quod</span> <span class='ocrx_word' id='word_1_302' title='bbox 1595 2434 1784 2488; x_wconf 86' lang='lat' dir='ltr'>quilibet</span> <span class='ocrx_word' id='word_1_303' title='bbox 1827 2428 2023 2488; x_wconf 83' lang='lat' dir='ltr'>prelatus</span> 
     </span>
    </p>
   </div>
   <div class='ocr_carea' id='block_1_4' title="bbox 364 2532 621 2536">
    <p class='ocr_par' dir='ltr' id='par_1_8' title="bbox 364 2532 621 2536">
     <span class='ocr_line' id='line_1_35' title="bbox 364 2532 621 2536; baseline 0 0"><span class='ocrx_word' id='word_1_304' title='bbox 364 2532 621 2536; x_wconf 95' lang='lat' dir='ltr'> </span> 
     </span>
    </p>
   </div>
   <div class='ocr_carea' id='block_1_5' title="bbox 400 2582 1902 2634">
    <p class='ocr_par' dir='ltr' id='par_1_9' title="bbox 400 2582 1902 2634">
     <span class='ocr_line' id='line_1_36' title="bbox 400 2582 1902 2634; baseline 0.008 -22"><span class='ocrx_word' id='word_1_305' title='bbox 400 2587 428 2619; x_wconf 87' lang='lat' dir='ltr'>a)</span> <span class='ocrx_word' id='word_1_306' title='bbox 448 2587 554 2614; x_wconf 85' lang='lat' dir='ltr'>nullas</span> <span class='ocrx_word' id='word_1_307' title='bbox 577 2590 608 2615; x_wconf 89' lang='lat' dir='ltr'>B.</span> <span class='ocrx_word' id='word_1_308' title='bbox 644 2590 676 2624; x_wconf 91' lang='lat' dir='ltr'>b)</span> <span class='ocrx_word' id='word_1_309' title='bbox 696 2591 823 2619; x_wconf 85' lang='lat' dir='ltr'>domino</span> <span class='ocrx_word' id='word_1_310' title='bbox 843 2582 955 2620; x_wconf 69' lang='lat' dir='ltr'>nosti-o</span> <span class='ocrx_word' id='word_1_311' title='bbox 976 2595 1010 2620; x_wconf 82' lang='lat' dir='ltr'>B.</span> <span class='ocrx_word' id='word_1_312' title='bbox 1048 2595 1091 2622; x_wconf 89' lang='lat' dir='ltr'>Ob</span> <span class='ocrx_word' id='word_1_313' title='bbox 1111 2604 1131 2623; x_wconf 83' lang='lat' dir='ltr'>a</span> <span class='ocrx_word' id='word_1_314' title='bbox 1149 2596 1233 2624; x_wconf 87' lang='lat' dir='ltr'>dom.</span> <span class='ocrx_word' id='word_1_315' title='bbox 1253 2598 1301 2624; x_wconf 84' lang='lat' dir='ltr'>n.&#39;?</span> <span class='ocrx_word' id='word_1_316' title='bbox 1339 2599 1367 2632; x_wconf 75' lang='lat' dir='ltr'>c)</span> <span class='ocrx_word' id='word_1_317' title='bbox 1388 2606 1470 2632; x_wconf 80' lang='lat' dir='ltr'>pene</span> <span class='ocrx_word' id='word_1_318' title='bbox 1490 2600 1526 2626; x_wconf 87' lang='lat' dir='ltr'>B.</span> <span class='ocrx_word' id='word_1_319' title='bbox 1564 2598 1596 2633; x_wconf 84' lang='lat' dir='ltr'>d)</span> <span class='ocrx_word' id='word_1_320' title='bbox 1617 2598 1846 2634; x_wconf 84' lang='lat' dir='ltr'>proponantur</span> <span class='ocrx_word' id='word_1_321' title='bbox 1866 2598 1902 2625; x_wconf 86' lang='grc' dir='ltr'>Β.</span> 
     </span>
    </p>
   </div>
   <div class='ocr_carea' id='block_1_6' title="bbox 290 2645 2096 2938">
    <p class='ocr_par' dir='ltr' id='par_1_10' title="bbox 290 2645 2096 2760">
     <span class='ocr_line' id='line_1_37' title="bbox 405 2645 2027 2702; baseline 0.008 -24"><span class='ocrx_word' id='word_1_322' title='bbox 405 2646 430 2688; x_wconf 79' lang='lat'>¹&gt;</span> <span class='ocrx_word' id='word_1_323' title='bbox 461 2645 800 2684; x_wconf 73' lang='lat' dir='ltr'>Uebereinstinmzend</span> <span class='ocrx_word' id='word_1_324' title='bbox 827 2653 886 2685; x_wconf 80' lang='lat' dir='ltr'>mit</span> <span class='ocrx_word' id='word_1_325' title='bbox 917 2653 1003 2699; x_wconf 71' lang='grc' dir='ltr'>Καρ.</span> <span class='ocrx_word' id='word_1_326' title='bbox 1033 2655 1074 2688; x_wconf 86' lang='grc'>19</span> <span class='ocrx_word' id='word_1_327' title='bbox 1107 2656 1170 2689; x_wconf 72' lang='lat' dir='ltr'>der</span> <span class='ocrx_word' id='word_1_328' title='bbox 1202 2657 1285 2701; x_wconf 83' lang='lat' dir='ltr'>Cap.</span> <span class='ocrx_word' id='word_1_329' title='bbox 1317 2658 1440 2702; x_wconf 86' lang='lat' dir='ltr'>agend.</span> <span class='ocrx_word' id='word_1_330' title='bbox 1490 2658 1568 2692; x_wconf 83' lang='lat' dir='ltr'>Nur</span> <span class='ocrx_word' id='word_1_331' title='bbox 1600 2658 1692 2692; x_wconf 67' lang='lat' dir='ltr'>steht</span> <span class='ocrx_word' id='word_1_332' title='bbox 1721 2662 1808 2693; x_wconf 71' lang='lat' dir='ltr'>scalt</span> <span class='ocrx_word' id='word_1_333' title='bbox 1837 2658 1874 2692; x_wconf 86' lang='lat' dir='ltr'>in</span> <span class='ocrx_word' id='word_1_334' title='bbox 1905 2661 2027 2692; x_wconf 77' lang='lat' dir='ltr'>vocato</span> 
     </span>
     <span class='ocr_line' id='line_1_38' title="bbox 290 2703 2096 2760; baseline 0.018 -26"><span class='ocrx_word' id='word_1_335' title='bbox 290 2703 431 2736; x_wconf 89' lang='lat' dir='ltr'>concilio</span> <span class='ocrx_word' id='word_1_336' title='bbox 457 2704 534 2738; x_wconf 79' lang='lat' dir='ltr'>dort</span> <span class='ocrx_word' id='word_1_337' title='bbox 556 2707 591 2739; x_wconf 88' lang='lat' dir='ltr'>in</span> <span class='ocrx_word' id='word_1_338' title='bbox 615 2709 767 2751; x_wconf 84' lang='lat' dir='ltr'>generali</span> <span class='ocrx_word' id='word_1_339' title='bbox 792 2712 946 2745; x_wconf 90' lang='lat' dir='ltr'>concilio.</span> <span class='ocrx_word' id='word_1_340' title='bbox 2041 2717 2096 2760; x_wconf 83' lang='lat'>35</span> 
     </span>
    </p>

    <p class='ocr_par' dir='ltr' id='par_1_11' title="bbox 294 2761 2030 2938">
     <span class='ocr_line' id='line_1_39' title="bbox 407 2761 2028 2819; baseline 0.009 -26"><span class='ocrx_word' id='word_1_341' title='bbox 407 2761 432 2803; x_wconf 75' lang='lat'>⁹)</span> <span class='ocrx_word' id='word_1_342' title='bbox 463 2761 578 2807; x_wconf 71' lang='lat' dir='ltr'>Geqen</span> <span class='ocrx_word' id='word_1_343' title='bbox 600 2765 692 2799; x_wconf 73' lang='lat' dir='ltr'>diese</span> <span class='ocrx_word' id='word_1_344' title='bbox 723 2766 852 2802; x_wconf 68' lang='lat' dir='ltr'>Unsitte</span> <span class='ocrx_word' id='word_1_345' title='bbox 877 2771 1010 2805; x_wconf 77' lang='lat' dir='ltr'>wendet</span> <span class='ocrx_word' id='word_1_346' title='bbox 1032 2772 1106 2806; x_wconf 75' lang='lat' dir='ltr'>siclt</span> <span class='ocrx_word' id='word_1_347' title='bbox 1131 2773 1246 2819; x_wconf 65' lang='lat' dir='ltr'>ldiufiy</span> <span class='ocrx_word' id='word_1_348' title='bbox 1278 2774 1427 2809; x_wconf 68' lang='lat' dir='ltr'>Ger-son.</span> <span class='ocrx_word' id='word_1_349' title='bbox 1478 2775 1528 2809; x_wconf 88' lang='lat' dir='ltr'>So</span> <span class='ocrx_word' id='word_1_350' title='bbox 1553 2787 1585 2809; x_wconf 74' lang='lat' dir='ltr'>z.</span> <span class='ocrx_word' id='word_1_351' title='bbox 1606 2775 1646 2809; x_wconf 88' lang='lat' dir='ltr'>B.</span> <span class='ocrx_word' id='word_1_352' title='bbox 1674 2776 1695 2810; x_wconf 87' lang='lat' dir='ltr'>l.</span> <span class='ocrx_word' id='word_1_353' title='bbox 1714 2788 1744 2810; x_wconf 83' lang='lat' dir='ltr'>c.</span> <span class='ocrx_word' id='word_1_354' title='bbox 1769 2776 1839 2810; x_wconf 86' lang='lat'>555</span> <span class='ocrx_word' id='word_1_355' title='bbox 1856 2774 1927 2809; x_wconf 84' lang='lat' dir='ltr'>und</span> <span class='ocrx_word' id='word_1_356' title='bbox 1940 2774 2028 2809; x_wconf 79' lang='lat'><strong>56¹4.-</strong></span> 
     </span>
     <span class='ocr_line' id='line_1_40' title="bbox 294 2816 2028 2879; baseline 0.013 -31"><span class='ocrx_word' id='word_1_357' title='bbox 294 2816 370 2849; x_wconf 77' lang='lat' dir='ltr'>Fiat</span> <span class='ocrx_word' id='word_1_358' title='bbox 393 2819 558 2854; x_wconf 77' lang='lat' dir='ltr'>confessio</span> <span class='ocrx_word' id='word_1_359' title='bbox 590 2833 698 2857; x_wconf 86' lang='lat' dir='ltr'>coram</span> <span class='ocrx_word' id='word_1_360' title='bbox 725 2827 832 2860; x_wconf 88' lang='lat' dir='ltr'>oculis</span> <span class='ocrx_word' id='word_1_361' title='bbox 858 2830 1006 2863; x_wconf 79' lang='lat' dir='ltr'>omniurn</span> <span class='ocrx_word' id='word_1_362' title='bbox 1033 2831 1069 2864; x_wconf 89' lang='lat' dir='ltr'>in</span> <span class='ocrx_word' id='word_1_363' title='bbox 1095 2834 1228 2875; x_wconf 83' lang='lat' dir='ltr'>patenti</span> <span class='ocrx_word' id='word_1_364' title='bbox 1255 2833 1342 2874; x_wconf 90' lang='lat' dir='ltr'>loco,</span> <span class='ocrx_word' id='word_1_365' title='bbox 1368 2845 1411 2867; x_wconf 82' lang='lat' dir='ltr'>ne</span> <span class='ocrx_word' id='word_1_366' title='bbox 1436 2835 1657 2869; x_wconf 82' lang='lat' dir='ltr'>subintroeat</span> <span class='ocrx_word' id='word_1_367' title='bbox 1682 2835 1788 2879; x_wconf 82' lang='lat' dir='ltr'>lupus</span> <span class='ocrx_word' id='word_1_368' title='bbox 1813 2844 1921 2879; x_wconf 78' lang='lat' dir='ltr'>rapax</span> <span class='ocrx_word' id='word_1_369' title='bbox 1947 2862 1956 2871; x_wconf 88' lang='lat'><strong>.</strong></span> <span class='ocrx_word' id='word_1_370' title='bbox 1982 2861 1992 2870; x_wconf 94' lang='lat'>.</span> <span class='ocrx_word' id='word_1_371' title='bbox 2018 2858 2028 2868; x_wconf 87' lang='lat'><strong>·</strong></span> 
     </span>
     <span class='ocr_line' id='line_1_41' title="bbox 300 2874 2030 2938; baseline 0.014 -33"><span class='ocrx_word' id='word_1_372' title='bbox 300 2874 359 2906; x_wconf 85' lang='lat' dir='ltr'>Vel</span> <span class='ocrx_word' id='word_1_373' title='bbox 384 2876 481 2909; x_wconf 84' lang='lat' dir='ltr'>aliter</span> <span class='ocrx_word' id='word_1_374' title='bbox 505 2881 682 2922; x_wconf 83' lang='lat' dir='ltr'>agentibus</span> <span class='ocrx_word' id='word_1_375' title='bbox 713 2886 745 2916; x_wconf 86' lang='lat' dir='ltr'>et</span> <span class='ocrx_word' id='word_1_376' title='bbox 769 2886 832 2918; x_wconf 91' lang='lat' dir='ltr'>sub</span> <span class='ocrx_word' id='word_1_377' title='bbox 858 2886 1101 2923; x_wconf 76' lang='lat' dir='ltr'>familiaritatis</span> <span class='ocrx_word' id='word_1_378' title='bbox 1126 2892 1241 2934; x_wconf 82' lang='lat' dir='ltr'>specie</span> <span class='ocrx_word' id='word_1_379' title='bbox 1267 2892 1302 2925; x_wconf 91' lang='lat' dir='ltr'>in</span> <span class='ocrx_word' id='word_1_380' title='bbox 1329 2893 1467 2937; x_wconf 86' lang='lat' dir='ltr'>angulis</span> <span class='ocrx_word' id='word_1_381' title='bbox 1493 2895 1527 2927; x_wconf 89' lang='lat' dir='ltr'>et</span> <span class='ocrx_word' id='word_1_382' title='bbox 1549 2893 1733 2928; x_wconf 82' lang='lat' dir='ltr'>camerulis</span> <span class='ocrx_word' id='word_1_383' title='bbox 1757 2903 1813 2927; x_wconf 79' lang='lat' dir='ltr'>res</span> <span class='ocrx_word' id='word_1_384' title='bbox 1836 2892 2030 2938; x_wconf 76' lang='lat' dir='ltr'>ignominia</span> 
     </span>
    </p>
   </div>
   <div class='ocr_carea' id='block_1_7' title="bbox 293 2931 2101 3060">
    <p class='ocr_par' dir='ltr' id='par_1_12' title="bbox 293 2931 2101 3060">
     <span class='ocr_line' id='line_1_42' title="bbox 294 2931 2030 3000; baseline 0.008 -37"><span class='ocrx_word' id='word_1_385' title='bbox 294 2931 412 2996; x_wconf 74' lang='lat' dir='ltr'>plenas</span> <span class='ocrx_word' id='word_1_386' title='bbox 445 2939 676 2972; x_wconf 84' lang='lat' dir='ltr'>exercentibus</span> <span class='ocrx_word' id='word_1_387' title='bbox 709 2966 716 2973; x_wconf 93' lang='lat'><strong><em>.</em></strong></span> <span class='ocrx_word' id='word_1_388' title='bbox 742 2968 750 2977; x_wconf 90' lang='lat'><strong>.</strong></span> <span class='ocrx_word' id='word_1_389' title='bbox 776 2969 784 2977; x_wconf 94' lang='lat'>.</span> <span class='ocrx_word' id='word_1_390' title='bbox 815 2944 977 2979; x_wconf 82' lang='lat' dir='ltr'>visitatio</span> <span class='ocrx_word' id='word_1_391' title='bbox 1014 2958 1076 2993; x_wconf 87' lang='lat' dir='ltr'>pro</span> <span class='ocrx_word' id='word_1_392' title='bbox 1115 2949 1406 2993; x_wconf 78' lang='lat' dir='ltr'>mendicantibus,</span> <span class='ocrx_word' id='word_1_393' title='bbox 1438 2977 1446 2986; x_wconf 83' lang='grc'><em>,</em></span> <span class='ocrx_word' id='word_1_394' title='bbox 1473 2979 1481 2988; x_wconf 81' lang='grc'>,</span> <span class='ocrx_word' id='word_1_395' title='bbox 1509 2979 1517 2988; x_wconf 79' lang='lat'>‚</span> <span class='ocrx_word' id='word_1_396' title='bbox 1554 2951 1646 3000; x_wconf 82' lang='lat' dir='ltr'>quod</span> <span class='ocrx_word' id='word_1_397' title='bbox 1685 2953 1817 2990; x_wconf 64' lang='lat' dir='ltr'>evitent</span> <span class='ocrx_word' id='word_1_398' title='bbox 1852 2950 2030 2986; x_wconf 57' lang='lat' dir='ltr'>consortia</span> 
     </span>
     <span class='ocr_line' id='line_1_43' title="bbox 293 2987 2101 3060; baseline 0.001 -37"><span class='ocrx_word' id='word_1_399' title='bbox 293 2987 491 3027; x_wconf 77' lang='lat' dir='ltr'>femmarum</span> <span class='ocrx_word' id='word_1_400' title='bbox 516 2994 551 3030; x_wconf 86' lang='lat' dir='ltr'>in</span> <span class='ocrx_word' id='word_1_401' title='bbox 576 2999 763 3039; x_wconf 80' lang='lat' dir='ltr'>camerulis,</span> <span class='ocrx_word' id='word_1_402' title='bbox 1932 3040 1935 3042; x_wconf 88' lang='lat'>.</span> <span class='ocrx_word' id='word_1_403' title='bbox 2040 3010 2101 3060; x_wconf 65' lang='grc' dir='ltr'>ω</span> 
     </span>
    </p>
   </div>
   <div class='ocr_carea' id='block_1_8' title="bbox 2070 3065 2216 3432">
    <p class='ocr_par' dir='ltr' id='par_1_13' title="bbox 2070 3065 2216 3432">
     <span class='ocr_line' id='line_1_44' title="bbox 2070 3065 2216 3432; baseline 0 0"><span class='ocrx_word' id='word_1_404' title='bbox 2070 3065 2216 3432; x_wconf 95' lang='lat' dir='ltr'> </span> 
     </span>
    </p>
   </div>
  </div>
 </body>
</html>
