2216 3432
269 196 321 237 68
664 199 690 237 Ι.
719 198 908 233 Abschnitt.
956 191 1372 236 Unionsverhandlungen
1398 189 1451 223 bis
1479 187 1580 224 1413.

263 310 425 353 facilior
455 309 519 349 est
555 289 783 347 transitus..
836 302 993 343 Credat
1031 297 1250 352 sapiencia
1280 298 1446 347 vestra,
1487 292 1686 348 piissime
1718 289 1916 339 domine,
1954 286 1991 329 si

264 378 485 421 concilium
517 378 597 418 hoe
627 374 806 416 fecerint
837 373 999 424 absque
1022 367 1185 411 domini
1205 365 1398 419 Gregorii
1431 366 1473 406 et
1506 365 1648 405 vestre
1671 357 1991 403 dominacionis

263 460 494 497 consensu,
534 447 587 487 ad
626 443 819 486 inaudita
865 440 1164 495 pervenientes
1204 436 1526 478 indurabuntur
1573 431 1778 475 cordibus
1824 431 1867 471 et
1907 427 1992 471 erit

262 531 379 560 error
419 515 674 558 novissimus
727 512 940 566 pessimus
983 510 1139 563 priore.
1216 506 1439 560 Siquidem
1486 502 1707 554 dixeritis,
1756 500 1991 542 maximum

263 588 351 629 fore
382 586 619 639 periculum
651 583 861 624 hereticos
884 594 980 622 cum
1002 577 1224 620 katholicis
1247 575 1428 618 concilio
1451 575 1698 623 admittere,
1732 570 1991 622 concedam3
2006 567 2033 608 5

264 670 411 699 verum
444 669 529 697 non
570 655 630 694 sic
661 652 788 694 unius
829 650 983 692 erroris
1023 649 1138 691 virus
1170 648 1279 689 sieut
1324 646 1526 697 alterius3
1566 643 1687 685 radix
1725 640 1993 683 excucienda

267 725 420 768 erroris
452 727 515 766 est
545 726 586 765 et
617 735 763 772 causa,
794 720 993 762 videlicet
1024 721 1169 760 utrum
1206 716 1426 759 divisionis
1458 728 1590 756 causa
1619 713 1752 754 suerit
1783 724 1906 753 error
1936 723 1992 752 an

268 795 418 837 divisio
449 793 615 835 erroris.
674 791 933 832 Arianorum
964 802 1080 830 error
1119 800 1245 829 causa
1285 785 1509 828 divisionis
1550 784 1746 838 ipsorum
1784 795 1808 823 a
1840 782 1991 824 katho-

265 865 356 906 licis
394 863 491 914 fuit,
533 862 726 904 similiter
757 861 1099 906 Donatistarum,
1130 858 1424 899 Maniceorum
1464 858 1507 897 et
1540 854 1759 897 similium.
1826 852 1993 894 Huius-

265 933 379 974 modi
410 933 605 973 homines
637 932 689 973 ad
721 930 947 972 concilium
979 930 1014 970 si
1046 930 1399 979 admitterentur,
1439 940 1526 968 non
1559 939 1692 979 parve
1725 922 1992 978 suspicionis
2010 922 2064 963 10

263 1004 415 1044 essent.
484 1002 569 1043 Sed
607 1001 733 1042 huius
780 999 1000 1042 divisionis
1047 1012 1177 1040 causa
1223 997 1363 1039 extitit
1409 997 1525 1050 apud
1574 1008 1739 1049 paucos
1788 994 1990 1045 ambicio,

265 1073 379 1125 apud
418 1085 588 1124 quoque
633 1070 840 1123 plurimos
881 1069 1051 1110 unionis
1099 1068 1373 1110 desiderium.
1438 1068 1575 1108 Porro
1618 1067 1701 1107 hoc
1741 1066 1794 1106 (le
1831 1077 1992 1118 genere

267 1142 476 1183 bonorum
522 1143 586 1181 est
624 1141 665 1181 et
709 1153 803 1180 cum
851 1139 1006 1180 multas
1048 1138 1163 1191 passi
1211 1139 1357 1179 essent
1404 1138 1752 1191 paterenturque
1800 1135 1992 1177 iacturas

265 1211 484 1251 christiani
517 1223 697 1262 cumque
730 1209 946 1250 dominum
969 1208 1223 1262 Gregorium
1257 1211 1299 1248 et
1321 1209 1510 1249 vestram
1542 1205 1903 1256 dominacionem,
1937 1205 1993 1247 ad

269 1294 374 1333 quos
407 1280 589 1333 spectari
620 1280 850 1333 putabant,
889 1292 973 1320 non
1012 1278 1310 1332 experirentur
1351 1277 1456 1330 ipsis
1489 1278 1752 1330 oportunam
1785 1275 2062 1317 exhibere15

264 1350 478 1400 unionem,
510 1349 614 1401 quin
645 1362 784 1402 ymmo
815 1362 865 1389 ex
886 1348 1176 1401 protractione
1209 1349 1260 1389 (le.
1284 1349 1514 1401 utriusque
1539 1347 1823 1401 desperarent
1845 1359 1992 1400 opere,

263 1420 439 1471 propter
469 1420 729 1471 oportunum
759 1420 910 1472 putate
944 1418 1115 1460 unionis
1148 1420 1309 1461 bonum
1339 1419 1595 1460 vendicandi
1631 1418 1716 1459 sibi
1752 1417 1993 1460 insolencic

262 1488 478 1529 licenciam
519 1489 777 1541 quibusdam
817 1488 934 1530 favor
977 1489 1186 1542 plurimus
1225 1491 1411 1531 traditus
1452 1492 1531 1531 est.
1606 1491 1833 1542 Dumque,
1874 1488 1992 1542 quod

262 1560 480 1610 optarunt,
527 1558 701 1599 minime
751 1559 953 1612 consequi
999 1561 1237 1612 potuerint,
1286 1561 1460 1602 domino
1508 1560 1772 1614 disponente
1822 1560 1992 1612 absque

260 1628 379 1669 vobis
411 1628 575 1669 duobus
617 1642 694 1669 nec
735 1632 1001 1683 oportunum
1047 1630 1308 1671 desiderium
1351 1630 1524 1672 unionis
1567 1631 1610 1672 in
1650 1629 1992 1672 christianorum
2008 1628 2065 1669 20

262 1697 472 1738 mentibus
512 1698 732 1751 hucusque
764 1699 960 1740 videatur
1000 1699 1258 1751 extinctum,
1298 1701 1563 1754 sperandum
1603 1704 1669 1743 est
1711 1702 1756 1743 in
1789 1698 1992 1743 altissimi

260 1765 558 1819 misericordia,
591 1766 625 1808 si
647 1767 828 1809 viderint
861 1770 1094 1822 utrumque
1117 1772 1309 1811 vesti-uni
1343 1771 1544 1812 unionem
1580 1774 1622 1813 et
1655 1772 1833 1813 modum
1866 1771 1993 1812 unio-

262 1836 327 1876 nis
359 1835 524 1887 offerre,
556 1837 705 1878 saltem
738 1838 811 1890 qui
852 1851 936 1878 non
971 1840 1025 1879 sit
1061 1841 1296 1893 obprobrii,
1328 1855 1479 1883 verum
1511 1842 1807 1896 propinquum
1848 1842 1994 1883 inten-

264 1905 369 1946 cioni
403 1906 604 1958 ipsorum,
635 1907 856 1949 vobiscum
894 1908 1114 1962 recipient,
1147 1912 1261 1963 quod
1300 1911 1391 1952 sine
1425 1912 1545 1953 vobis
1584 1913 1792 1966 consequi
1839 1911 1995 1965 nequi-

265 1976 429 2015 verunt.
490 1975 544 2015 Et
575 1977 609 2016 si
643 1976 797 2017 dixerit
829 1979 936 2019 forte
977 1979 1194 2032 sapiencia
1225 1984 1389 2023 vestra:
1432 1983 1534 2023 Ideo
1566 1984 1735 2036 quesivi
1782 1985 1825 2024 et
1857 1994 1994 2037 quero
2009 1982 2064 2022 25

261 2044 584 2086 convencionem
624 2046 722 2087 dicti
760 2048 921 2089 domini
961 2049 1153 2102 Gregorii
1194 2065 1383 2103 mecum,
1428 2066 1480 2094 ne
1522 2054 1631 2095 sorte
1665 2054 1836 2106 dicant,
1879 2053 1996 2107 quod

257 2113 360 2154 alias
392 2114 603 2167 dixerunt,
635 2118 780 2158 modos
812 2131 890 2171 pro
921 2120 1185 2174 subterfugio
1217 2122 1476 2165 adinventos
1511 2123 1644 2165 fuisse
1677 2127 1721 2166 et
1756 2123 1996 2178 presertim

260 2183 311 2222 ad
336 2183 618 2236 effugiendam
650 2199 814 2228 sacram
846 2190 888 2229 et
910 2202 1055 2231 veram
1086 2191 1304 2243 unionem,
1327 2194 1543 2236 attendite
1567 2208 1683 2249 erge,
1708 2196 1997 2238 immaculata

263 2251 451 2293 veritatis
495 2254 563 2295 lux
601 2256 711 2296 aeris
749 2269 833 2298 non
877 2261 1021 2311 potest
1063 2261 1252 2303 nubibus
1295 2265 1433 2306 teneri
1474 2266 1654 2317 obtusa,
1704 2266 1802 2308 licet
1852 2265 1996 2315 oculis

260 2320 436 2363 inferius
468 2336 551 2364 non
583 2338 752 2377 semper
784 2327 942 2380 luceat;
984 2343 1125 2372 verum
1167 2346 1309 2386 neque
1346 2337 1590 2387 argumenti
1630 2337 1762 2379 huius
1795 2335 1995 2380 simulati
2011 2333 2068 2377 30

263 2390 382 2432 adest
420 2392 546 2434 racio,
617 2394 780 2436 Conatu
821 2410 1007 2452 namque
1048 2402 1140 2443 toto
1178 2406 1480 2457 perquesitum
1528 2420 1625 2450 esse
1675 2409 1911 2462 apparebit
1951 2408 1996 2450 in

260 2459 395 2537 modis
435 2460 516 2502 illis
548 2477 716 2505 omnem
749 2467 962 2509 calumnie
1000 2471 1041 2511 et
1081 2473 1339 2527 subterfugii
1376 2476 1553 2518 modum
1593 2479 1842 2521 conculcari
1883 2479 1995 2522 obli-

260 2528 487 2605 terarique.
548 2532 622 2574 Set
658 2535 760 2587 quia
796 2538 939 2579 omnia
976 2541 1149 2594 tempus
1188 2544 1353 2586 habent
1395 2548 1440 2588 et
1480 2547 1571 2589 suis
1619 2548 1780 2602 spaciis
1823 2549 1996 2604 singula

264 2597 509 2641 dlviduntur
540 2602 583 2642 in
614 2604 717 2645 orbe
750 2606 793 2646 et
824 2608 925 2660 quia
957 2622 1043 2651 non
1074 2613 1222 2664 potest
1253 2617 1490 2659 convencio
1522 2617 1595 2661 illa
1626 2618 1722 2661 fieri
1756 2620 1852 2662 sine
1883 2621 1996 2663 tem-

263 2678 378 2718 poris
424 2682 564 2721 spacio
610 2686 695 2714 non
727 2688 879 2728 parvo,
918 2679 1281 2725 considerandum
1322 2686 1538 2729 arbitratu
1579 2690 1668 2742 est,
1709 2691 1856 2732 utrum
1891 2703 1995 2732 con·
2010 2687 2065 2729 35

259 2737 404 2813 venei-o
441 2738 521 2781 ista
556 2741 647 2783 fieri
686 2745 822 2797 possit
868 2750 967 2790 ante
1005 2750 1118 2792 Iunii
1156 2766 1371 2807 mensem,
1418 2755 1532 2800 infra
1577 2772 1709 2812 quem
1755 2759 1995 2803 terminum

258 2816 336 2845 suo
373 2807 460 2859 ille,
505 2810 578 2862 qui
618 2815 733 2866 apud
763 2817 921 2859 multos
967 2818 1013 2861 in
1048 2820 1187 2865 Roma
1224 2826 1435 2879 preest‚¹)
1483 2841 1588 2871 sane
1635 2830 1822 2872 sancibit
1862 2831 1994 2874 modo

359 2967 570 3035 ’1)..ῙοΙιαιιιιν
583 2972 710 3008 XXIII.
742 2977 834 3011 hatte
866 2979 899 3012 in
930 2981 1044 3016 see’ner
1078 2984 1176 3019 Bulla
1215 2998 1290 3020 vom
1319 2987 1352 3021 3.
1382 2989 1482 3023 Mam
1509 2991 1601 3026 1413
1632 2994 1872 3039 versprocloen
1926 2993 1995 3029 Ort

262 3022 330 3055 und
351 3024 430 3058 Am
452 3027 510 3060 des
535 3028 673 3065 Ixonzils
699 3035 784 3068 nac-le
811 3036 888 3070 drea·
912 3038 1074 3074 Allonaten
1098 3055 1143 3076 zu
1169 3043 1376 3081 bestimmten.
1884 3019 1894 3036 '

2056 56 2059 63 ‹

2066 96 2067 100 ¹
2122 103 2133 113 1

2060 147 2062 149 ’
2118 139 2127 162 ἓ
