2216 3432
16 3213 20 3219 -.
18 3076 48 3152 ww·
18 2999 23 3018 -«

421 177 458 214 G.
483 177 682 219 Malatesta,
708 176 844 222 Gregor
869 175 951 211 XII.
979 176 1053 211 und
1079 176 1255 211 Benedikt
1280 176 1380 211 XIII.
1410 177 1657 213 1410—1413.
1683 177 1745 213 Nr.
1772 178 1805 212 9.
1965 167 2020 209 55

237 286 293 328 Et
308 285 574 340 promittant
595 285 809 327 electores
836 297 992 327 eorum
1014 298 1248 339 nunquam
1269 283 1418 327 taliter
1440 284 1754 339 delinquentes
1777 285 2023 339 absolvere,

237 357 325 400 nisi
356 356 470 399 forte
503 356 550 398 in
582 369 690 398 casu
721 356 877 398 mortis
909 369 992 398 nec
1014 355 1271 411 aliqualiter
1293 370 1394 399 cum
1428 370 1481 399 eo
1505 357 1779 411 dispensare.
1813 357 1871 398 Et
1901 358 2025 412 post-

237 442 373 483 quam
419 427 707 472 convenerint
753 427 949 480 insimul,
997 428 1053 471 ad
1100 428 1351 470 tollendum
1397 441 1576 470 omnem
1609 427 1913 483 suspicionem
1944 441 2025 484 po-

237 499 449 556 nantura)
481 499 528 542 in
561 499 760 542 conclavi
793 500 837 541 et
868 498 985 542 circa
1017 513 1094 542 eos
1126 513 1282 542 omnes
1314 499 1435 542 modi
1469 501 1715 552 serventur,
1758 500 1899 542 donec
1931 500 2025 542 fue-

197 572 324 616 5rint
355 572 610 624 concordes,
643 570 721 625 qui
753 572 988 613 servantur
1020 572 1067 613 in
1100 571 1317 614 electione
1350 572 1512 613 summi
1545 571 1782 625 pontificis.
1839 572 1895 613 Et
1926 572 2025 614 nul-

237 645 325 687 lius
359 643 544 686 alterius
576 642 751 697 generis
782 642 925 697 possit
956 642 1046 685 illis
1080 656 1158 685 seu
1192 642 1325 685 alicui
1358 642 1559 696 ipsorum
1590 642 1807 685 violencia
1840 657 1919 685 seu
1952 657 2025 686 co-

238 716 352 759 actio
386 714 538 758 inferri
571 715 654 757 sub
698 714 815 757 illius
850 715 986 757 modi
1034 715 1178 769 penis,
1227 714 1442 767 censuris,
1492 714 1656 768 quibus
1690 715 1923 757 decretum
1957 716 2026 757 est

238 800 374 841 super
406 786 628 829 conclavis
661 786 869 829 libertate
902 801 982 841 per
1014 799 1161 829 sacros
1194 799 1402 828 canones.

357 859 484 902 Alius
518 871 623 901 vero
656 859 813 900 modus
861 859 928 900 est
975 860 1018 900 et
1066 859 1138 900 hic
1181 857 1367 900 celerior
1400 858 1456 900 ad
1490 858 1803 900 execucionem
1837 860 2026 912 apparet

169 930 222 974 10
238 933 281 974 et
313 931 460 974 minus
493 930 741 980 intricatus,
776 929 996 983 videlicet,
1030 930 1164 984 quod,
1199 929 1235 971 si
1268 929 1477 984 princeps
1512 929 1700 983 reperiri
1732 931 1884 984 posset
1916 943 2025 983 pru-

238 1005 360 1054 dens,
395 1003 471 1057 qui
495 1002 651 1054 ¹sciret,
685 1002 904 1055 quantum
937 1002 1132 1044 humane
1165 1001 1390 1055 fragilitati
1412 1001 1639 1043 hodiernis
1664 1015 1847 1043 noscere
1881 1002 2026 1053 datur,

237 1088 263 1116 a
295 1075 474 1117 domino
507 1074 591 1116 sibi
625 1087 836 1118 concessa
869 1073 1095 1128 sapiencia
1143 1087 1236 1115 rem
1276 1074 1390 1115 tanti
1424 1073 1549 1115 dubii
1582 1072 1882 1127 ponderisque
1918 1073 2026 1114 diri-

237 1160 350 1200 gere,
384 1146 540 1198 iustus,
574 1146 648 1200 qui
684 1146 884 1189 divinum
918 1160 1169 1202 proponere
1192 1146 1408 1187 honorem
1432 1145 1699 1187 deliberaret
1719 1146 1864 1199 ,atque
1898 1144 2026 1186 iusti-

238 1219 304 1260 cie
337 1219 507 1260 cultum
542 1218 725 1261 cuilibet
758 1220 910 1267 amori,
960 1219 1062 1261 odio
1113 1219 1156 1259 et
1203 1217 1354 1271 precio
1403 1218 1536 1270 atque
1583 1216 1733 1258 timori
1767 1219 1812 1259 et
1845 1230 2026 1258 causam

168 1288 221 1330 15
238 1291 389 1332 sancte
438 1290 637 1342 ecclesie,
686 1289 816 1345 hiisb)
865 1291 1073 1332 omnibus
1106 1289 1319 1343 neglectis
1370 1290 1414 1330 et
1447 1287 1643 1340 abiectis,
1694 1301 1778 1342 que
1827 1288 2026 1342 parcium

238 1361 458 1403 iusticiam
493 1362 708 1413 lederent,
742 1362 1053 1404 indifferenter
1086 1374 1326 1412 assumere,
1360 1360 1543 1413 probus,
1578 1359 1656 1414 qui
1688 1373 1853 1414 pavore
1886 1359 2026 1402 homi-

238 1446 344 1475 num
376 1434 633 1476 conculcato
667 1434 830 1476 iustam
864 1446 1041 1475 causam
1080 1431 1265 1474 viriliter
1299 1433 1342 1473 et
1375 1433 1592 1473 strennue
1620 1431 1851 1473 adiuvaret
1885 1434 1924 1473 et
1960 1432 2026 1473 iu-

239 1505 412 1546 sticiam
445 1518 533 1545 non
566 1507 749 1559 paveret
782 1504 1048 1559 cohibet-(2⁶),
1082 1506 1257 1558 potens,
1300 1503 1373 1557 qui
1419 1504 1586 1545 valeret
1618 1502 1830 1545 iudicium
1868 1517 2026 1544 execu-

240 1576 355 1617 cioni
380 1577 603 1628 mandare,
638 1575 742 1630 quia
764 1576 980 1618 iudicium
1003 1575 1098 1617 sine
1122 1575 1388 1616 execucione
1422 1575 1469 1616 in
1492 1574 1730 1616 iudicantis
1754 1574 2027 1616 convertitur

169 1647 226 1687 20
240 1647 488 1699 ridiculum,
536 1661 694 1702 magne
729 1647 1042 1702 reputacionis,
1094 1660 1149 1688 ne
1198 1660 1251 1688 ex
1282 1646 1425 1700 ipsius
1459 1645 1560 1687 exili
1595 1646 1854 1687 condicione
1886 1659 2024 1699 reges,

239 1718 466 1772 principes
514 1719 558 1760 et
606 1706 948 1761 christianorum
982 1718 1266 1772 magistratus
1299 1718 1489 1772 puderet
1537 1717 1631 1758 eius
1680 1716 2025 1759 terminaciones

241 1789 420 1842 imitari,
455 1791 500 1832 et
532 1790 633 1832 huic
665 1804 744 1832 seu
767 1789 845 1840 illi,
879 1789 957 1844 qui
980 1789 1127 1831 minus
1151 1803 1176 1831 a
1198 1789 1411 1844 predictis
1435 1786 1822 1844 cognoscereturd)
1846 1788 2025 1829 differre

240 1863 314 1904 aut
348 1861 516 1904 distare
547 1874 573 1903 a
606 1861 735 1904 dictis
767 1861 927 1914 tribus,
977 1861 1092 1903 facto
1139 1864 1290 1903 tamen
1339 1860 1462 1915 prius
1511 1860 1731 1913 solempni
1764 1873 1843 1913 per
1877 1859 2025 1913 ipsum

239 1934 489 1976 iuramento
523 1935 566 1976 et
598 1933 894 1987 promissione
927 1932 1122 1987 publica,
1167 1934 1285 1987 quod
1318 1932 1626 1985 indifferenter
1658 1944 1841 1973 causam
1873 1931 2025 1973 sancte

168 2003 222 2045 ‚025
240 2005 423 2048 ecclesie
452 2007 649 2047 sumeret
682 2008 723 2047 et
756 2005 851 2046 toto
884 2018 1016 2058 posse
1051 2005 1224 2046 sincere
1260 2006 1304 2046 et
1327 2007 1448 2046 recte
1470 2004 1822 2057 prosequeretur
1846 2002 2025 2044 domino

239 2078 373 2119 dante
421 2090 564 2131 usque
611 2077 669 2118 ad
715 2076 1099 2129 terminacionem,
1149 2076 1436 2118 exhiberetur
1483 2077 1681 2129 potestas
1730 2074 2026 2128 congregandi

239 2148 477 2190 concilium
510 2148 801 2201 universalee)
836 2162 935 2190 cum
969 2161 1105 2202 supra
1140 2147 1270 2189 dictis
1303 2147 1445 2190 modis
1479 2149 1522 2188 et
1555 2146 1696 2200 penis,
1761 2147 1817 2188 Et
1848 2146 1921 2187 hic
1955 2148 2025 2188 tu-

239 2221 333 2261 tum
367 2220 513 2262 locum
562 2221 706 2262 facere
755 2219 1034 2274 promitteret
1081 2222 1124 2261 et
1171 2232 1417 2272 congruum
1466 2218 1688 2270 exhibere,
1737 2217 1942 2259 similiter
1984 2219 2027 2259 et

239 2304 458 2345 congruos
491 2291 597 2333 dare
629 2291 785 2332 modos
833 2292 967 2345 atque
1015 2303 1153 2345 equos
1201 2304 1304 2332 cum
1335 2291 1551 2344 temporis
1585 2289 1858 2342 congruitate
1892 2291 2026 2342 atque

169 2360 225 2401 30
240 2363 450 2417 equitate,
488 2362 652 2416 quibus
685 2364 868 2415 possent
902 2362 1008 2404 dicti
1040 2364 1131 2404 tres
1165 2362 1416 2414 convenire,
1462 2361 1497 2402 si
1530 2362 1698 2403 vellent
1729 2361 2026 2415 personaliter

240 2448 319 2477 seu
351 2447 431 2488 per
463 2434 787 2488 procuratores.

359 2506 550 2558 Insuper
581 2504 809 2547 videretur
842 2519 959 2560 pape
993 2506 1205 2559 Gregorio
1238 2505 1358 2547 illius
1392 2504 1510 2547 modi
1541 2503 1789 2558 principem
1813 2516 2026 2556 procura-

239 2578 379 2619 torem
412 2576 509 2618 fieri
541 2589 622 2630 per
653 2576 901 2630 quemlibet
923 2577 1061 2618 trium
1083 2575 1448 2628 irrevocabiliter,
1481 2578 1530 2617 ut
1560 2576 1714 2629 posset
1731 2574 1899 2628 pariter
1933 2574 2026 2615 vice

240 2649 438 2691 omnium
470 2647 672 2701 ipsorum
704 2647 970 2690 renunciare
1017 2649 1062 2690 et
1096 2648 1254 2690 cedere
1287 2647 1373 2689 iuri
1406 2648 1613 2700 papatus,
1663 2659 1795 2700 quem
1841 2644 2027 2699 quilibet

169 2715 224 2757 35
240 2719 375 2761 habet
405 2719 475 2761 vel
518 2719 676 2762 asserit
711 2733 758 2762 se
790 2716 968 2771 habere,
1000 2719 1046 2761 in
1079 2719 1286 2761 manibus
1318 2717 1508 2772 predicti
1541 2716 1715 2759 concilii
1747 2715 2025 2768 universalis,

241 2789 279 2831 si
314 2789 426 2832 viam
459 2790 817 2833 renunciacionis
850 2793 894 2833 et
923 2790 1134 2834 cessionis
1146 2788 1174 2843 f>
1198 2790 1428 2832 meliorem
1460 2789 1555 2831 fore
1586 2801 1668 2842 pro
1701 2800 1812 2841 pace
1847 2789 1891 2828 et
1922 2799 2026 2828 vera

240 2861 596 2916 reintegracione
631 2862 736 2904 dicti
769 2863 859 2904 tres
892 2862 1218 2906 concordarent
1264 2861 1334 2904 vel
1382 2861 1493 2915 ipsis
1526 2873 1616 2902 non
1649 2858 2024 2901 concordantibus

240 2931 477 2975 concilium
510 2946 588 2988 pro
622 2933 793 2975 meli0ri
826 2933 889 2975 sic
921 2933 1175 2976 faciendum
1207 2933 1301 2975 fore
1333 2932 1608 2974 terminaret.

360 3074 391 3108 a)
420 3073 508 3101 Fehlt
529 3074 558 3102 Ο.
634 3073 665 3108 b)
704 3073 758 3101 vel
778 3073 830 3101 ius
852 3075 880 3101 0.
955 3075 983 3110 c)
1023 3073 1157 3102 coibere
1178 3075 1215 3100 Β.
1289 3072 1321 3110 (1)
1352 3071 1639 3108 congnosceretur
1660 3072 1689 3099 Ο.
1763 3071 1792 3107 e)
1813 3069 1971 3107 generale
1993 3069 2024 3097 0.

170 3118 266 3162 401')
286 3121 321 3149 et
339 3120 503 3150 cessionis
521 3120 603 3158 fehlt
626 3121 655 3150 C'.
