2216 3432
333 145 374 182 1⁴¹.
388 143 559 191 Anhang:
578 143 796 190 Sigismund,
815 144 950 191 Gregor
962 145 1044 183 XII.
1062 157 1097 183 u.
1115 146 1259 181 Johann
1272 146 1410 191 XXIII,
1439 147 1684 185 1410—1413.
1713 150 1774 184 Nr.
1793 151 1850 193 25,
1868 152 1924 189 26.
1955 142 2030 184 101

251 251 327 297 25.
362 250 518 308 (Κόηἱρ
542 249 791 308 Siyismund
821 266 876 293 an
898 250 1183 294 Guidamonio
1212 266 1289 294 von
1311 252 1624 309 Montefeltreyl)
1646 255 1819 310 fordere
1849 257 1923 299 ilm
1951 259 2038 310 auf,

251 323 341 365 sich,
371 324 447 365 mit
479 321 612 379 Papst
640 322 807 364 Johann
828 321 1003 366 XXIII.
1039 323 1321 366 auszuso‘hnen
1351 324 1440 365 und
1469 326 1608 368 sendet
1638 326 1717 368 (len
1750 322 2042 370 Archidiakon

468 393 672 436 Octavian
703 390 751 436 de
787 392 940 435 Sancto
974 393 1168 436 Severino
1199 409 1255 436 an
1285 395 1367 436 ilm.
1433 394 1570 449 (1412
1600 411 1671 438 vor
1703 397 1823 451 Mai)

322 489 354 523 B
379 500 442 524 aus
473 489 556 524 eod.
582 487 769 522 Palatinus
797 486 864 522 701
882 488 953 533 fol.
979 487 1050 522 264
1075 488 1141 522 der
1180 487 1283 523 bacile.
1311 488 1522 524 Bibliotleek.

207 582 233 624 5
367 584 611 639 Magnifice,
649 584 809 636 fidelis,
849 584 1021 626 dilecte.
1087 583 1365 626 Sinceritatis
1410 585 1453 627 et
1484 584 1587 628 fidei
1632 588 1707 629 tue
1741 589 2036 631 constantiam

248 656 440 709 fidelem,
480 655 812 698 solicitudinem
856 657 901 697 et
931 655 1165 709 probatam
1205 655 1499 709 diligenciam,
1541 671 1675 711 quam
1721 658 1766 699 in
1800 659 1960 701 nostris
1994 662 2037 702 et

249 727 363 770 sacri
402 727 580 781 imperii
634 726 839 769 servitiis
875 726 962 768 fide
1009 727 1242 780 dignorum
1291 740 1390 780 ymo
1438 728 1734 771 veridicorum
1782 730 2038 772 testimonio

249 799 485 853 multiplici
524 799 568 841 te
608 798 799 852 gessisse
842 799 886 840 et
924 799 968 839 te
1014 798 1226 840 continuo
1266 812 1416 851 gerere
1463 799 1654 853 benigne
1701 801 1953 855 accepimus
1995 804 2039 844 et

250 883 398 912 rerum
437 869 713 912 evidenciam
755 870 920 912 habere
959 871 1003 911 te
1037 868 1201 911 scimus
1234 882 1315 911 nec
1347 870 1557 912 inmerito
1590 872 1633 913 te
1666 873 1905 926 propterea
1936 886 2038 927 pro-

180 940 235 982 10
248 941 434 995 pensius
466 942 826 983 commendatum
860 941 1090 993 habentes,
1132 941 1176 982 et
1207 941 1363 983 eadem
1401 943 1526 995 grata
1559 942 1736 985 servitia
1778 945 1822 985 et
1854 943 2037 985 sinceri—

247 1013 352 1055 tatis
400 1012 641 1055 laudabilia
687 1014 790 1054 vota
837 1012 927 1054 alta
974 1013 1121 1054 mente
1168 1011 1456 1065 concepimus
1500 1015 1544 1055 et
1581 1013 1628 1054 in
1666 1013 1794 1055 firmo
1835 1017 2035 1068 gerentes

246 1083 490 1139 proposito,
524 1097 577 1125 ea
598 1083 680 1125 tibi
703 1084 836 1137 digna
867 1083 1200 1138 perseverantia
1232 1083 1539 1127 munificentia
1571 1097 1875 1140 compensare.
1932 1087 2038 1128 Pre-

248 1157 372 1198 terea
410 1155 520 1197 satis
559 1154 848 1208 displicenter
885 1154 1203 1203 intelleximus,
1243 1155 1364 1208 quod
1404 1154 1524 1197 inter
1556 1157 1599 1197 te
1632 1158 1677 1198 et
1709 1156 2036 1199 sanctissimum

248 1227 477 1268 dominum
520 1228 722 1268 nostrum
773 1226 1004 1268 dominum
1053 1227 1301 1268 Johannem
1348 1238 1512 1280 papam
1559 1227 1818 1269 vicesimum
1858 1228 2037 1270 tertium

181 1296 231 1338 15
249 1297 604 1340 differenciarum
638 1297 832 1339 scintilla
863 1298 1117 1352 pullularet,
1161 1298 1216 1339 ob
1251 1298 1422 1351 hocque
1461 1299 1517 1340 ad
1549 1299 1762 1340 honorem
1796 1301 1839 1340 et
1872 1299 2039 1341 exalta-

247 1370 414 1412 tionem
463 1371 617 1412 sancte
666 1369 821 1411 matris
865 1368 1051 1410 ecclesie
1102 1370 1145 1410 et
1183 1368 1316 1410 etiam
1365 1369 1687 1411 exhortationis
1738 1372 1781 1412 et
1828 1369 2038 1412 instantio

249 1442 502 1482 nostrarum
535 1440 691 1495 utique
724 1441 970 1482 salubrium
1003 1441 1055 1482 ad
1080 1439 1450 1482 reconciliationis
1472 1440 1738 1483 beneficium
1761 1455 1858 1483 cum
1884 1442 2039 1483 eodem

247 1511 527 1553 sanctissimo
566 1511 746 1553 domino
785 1514 937 1554 nostro
970 1524 1087 1565 papa
1118 1512 1162 1552 te
1196 1513 1376 1564 coaptes
1410 1512 1454 1553 et
1485 1525 1583 1554 cum
1618 1513 1737 1554 omni
1770 1512 2037 1567 promptitu-

249 1582 362 1624 dinis
395 1583 544 1625 studio
577 1583 764 1624 reducas
797 1582 1031 1636 eidemque
1065 1581 1364 1624 reconciliare.
1418 1582 1473 1624 Et
1501 1596 1602 1625 ecce
1630 1584 1880 1625 honorabili
1905 1584 2037 1626 Octa-

177 1653 234 1694 20
247 1653 378 1696 viano
411 1654 465 1696 de
498 1656 653 1695 sancto
688 1653 917 1704 Seuerino,
952 1653 1263 1696 archidiacono
1298 1652 1533 1695 Zemliensi
1566 1654 1613 1695 in
1647 1654 1834 1697 ecclesia
1863 1654 2036 1709 Argen-

247 1725 428 1775 tinensi,
462 1724 593 1767 latori
620 1724 912 1778 presentium,
946 1725 1176 1779 capellano
1200 1726 1352 1765 nostro
1377 1724 1551 1776 devoto,
1574 1724 1708 1777 fideli,
1734 1725 2034 1767 commisimus

246 1796 398 1850 aliqua
438 1796 521 1838 tibi
562 1810 697 1851 super
738 1795 824 1837 hiis
869 1796 967 1838 vive
1010 1795 1130 1837 vocis
1172 1796 1351 1837 oraculo
1394 1795 1569 1849 plenius
1603 1796 1820 1850 explicare
1852 1797 2035 1838 honoris

246 1869 310 1909 tui
343 1868 670 1918 concernentia,
710 1868 867 1921 utique
911 1867 1250 1919 incrementum,
1294 1868 1338 1908 et
1370 1867 1513 1908 eidem
1547 1867 1630 1909 hac
1662 1867 1756 1909 vice
1789 1867 1906 1909 circa
1936 1881 2036 1921 pre-

247 1938 381 1981 missa
413 1939 625 1981 adhibeas
658 1939 888 1981 credencie
920 1939 1099 1993 plenam
1132 1937 1265 1980 fidem
1300 1940 1384 1980 etc.
1450 1939 1611 1980 Datum
1646 1941 1726 1981 etc.

176 2116 231 2159 ⁰25
246 2115 321 2160 26.
372 2115 641 2172 (Siyz'smund
671 2132 726 2157 cm
761 2115 893 2172 Papst
924 2115 1093 2157 Johann
1120 2114 1318 2171 XXIII.)
1353 2115 1468 2157 theilt
1499 2117 1607 2157 seina
1640 2115 1947 2171 Auffot·derun9
1981 2131 2035 2157 αη

247 2186 529 2229 Guidantonio
565 2201 641 2229 von
672 2187 942 2243 Montefeltre,
982 2187 1071 2228 sicle
1108 2188 1184 2228 mit
1225 2187 1314 2228 dem
1356 2185 1489 2242 Papst
1519 2187 1812 2239 auseusc‘ilmen,
1845 2188 1920 2227 mic
1949 2187 2036 2228 und

603 2258 842 2314 heylaubiyt
870 2260 971 2300 εἴωθέ
1001 2257 1220 2300 Gesandte.
1287 2256 1421 2312 (1412
1451 2272 1521 2298 vor
1553 2258 1676 2313 Mai.)

318 2352 351 2386 B
376 2364 439 2386 aus
471 2351 554 2386 C'ocl.
581 2352 764 2387 Palatinas
794 2351 859 2387 701
878 2353 912 2398 f.
939 2351 1036 2386 2641)
1063 2353 1128 2386 der
1159 2351 1271 2386 Vatilc.
1299 2351 1509 2386 Biblioclwk.

364 2448 627 2491 Beatissime
659 2450 789 2503 pater
821 2449 867 2491 et
899 2449 1092 2500 domine,
1126 2448 1305 2490 domine
1339 2448 1598 2490 reverende.
1654 2449 1842 2501 Semper
1864 2448 2033 2502 optavi-

177 2520 346 2562 30mus
394 2519 544 2561 devias
591 2521 635 2561 et
678 2533 704 2562 a
745 2520 815 2562 via
856 2519 1028 2562 iustitie
1076 2521 1120 2561 et
1162 2518 1361 2562 veritatis
1409 2519 1668 2560 oberrantes
1718 2520 1930 2561 reducere
1978 2519 2033 2560 ad

247 2592 414 2633 rectam
453 2591 573 2632 viam
614 2591 658 2632 et
687 2591 891 2643 maxime,
931 2593 983 2633 ut
1021 2590 1209 2632 rebelles
1252 2603 1302 2632 ac
1340 2591 1618 2631 sacrosancte
1656 2590 1810 2632 matris
1851 2588 2032 2631 ecclesie

246 2660 558 2704 inobedientes
598 2662 655 2704 ad
696 2661 997 2704 obedientiam
1046 2663 1090 2703 et
1131 2660 1454 2702 subiectionem
1501 2660 1747 2703 sanctitatis
1794 2662 1942 2702 vestre
1990 2660 2033 2701 et

248 2734 530 2775 sacrosancte
563 2733 765 2775 Romane
798 2733 983 2775 ecclesie
1016 2733 1201 2774 redeant
1232 2732 1433 2773 studiosa
1463 2731 1818 2785 promptitudine
1850 2743 2029 2783 operam

247 2802 549 2857 impendimus
592 2803 765 2846 solicite
805 2805 848 2846 et
889 2803 1066 2845 laboris.
1132 2802 1338 2844 Profecto
1376 2800 2031 2863 magnificusGuidanthonius

178 2979 234 3022 35
371 2979 399 3025 ¹)
426 2979 526 3014 Dass
559 2990 626 3013 nur
657 2979 776 3014 dieser
808 2980 943 3015 Grosse
974 2980 1127 3026 yerneint
1155 2979 1231 3014 sein
1257 2978 1360 3021 kann,
1390 2977 1475 3025 yelzt
1498 2989 1561 3012 aus
1587 2977 1655 3015 Nr.
1680 2977 1728 3012 26
1752 2978 1892 3012 heo-vor.
1942 2975 2031 3010 Zum

247 3038 382 3077 ‘Datum
405 3039 476 3089 vyl.
503 3037 542 3073 S.
570 3037 626 3078 19.
