<?xml version="1.0" encoding="UTF-8"?>
<!DOCTYPE html PUBLIC "-//W3C//DTD XHTML 1.0 Transitional//EN"
    "http://www.w3.org/TR/xhtml1/DTD/xhtml1-transitional.dtd">
<html xmlns="http://www.w3.org/1999/xhtml" xml:lang="en" lang="en">
 <head>
  <title>
</title>
<meta http-equiv="Content-Type" content="text/html;charset=utf-8" />
  <meta name='ocr-system' content='tesseract 3.04.00' />
  <meta name='ocr-capabilities' content='ocr_page ocr_carea ocr_par ocr_line ocrx_word'/>
</head>
<body>
  <div class='ocr_page' id='page_1' title='image "./actaconciliicons01counuoft_0105.png"; bbox 0 0 2216 3432; ppageno 0'>
   <div class='ocr_carea' id='block_1_1' title="bbox 0 426 38 635">
    <p class='ocr_par' dir='ltr' id='par_1_1' title="bbox 0 426 4 436">
     <span class='ocr_line' id='line_1_1' title="bbox 0 426 4 436; baseline 0 0"><span class='ocrx_word' id='word_1_1' title='bbox 0 426 4 436; x_wconf 76' lang='grc'>.</span> 
     </span>
    </p>

    <p class='ocr_par' dir='ltr' id='par_1_2' title="bbox 0 490 38 635">
     <span class='ocr_line' id='line_1_2' title="bbox 0 490 5 500; baseline 0 0"><span class='ocrx_word' id='word_1_2' title='bbox 0 490 5 500; x_wconf 71' lang='grc'><em>.</em></span> 
     </span>
     <span class='ocr_line' id='line_1_3' title="bbox 0 567 38 614; baseline 0 -23"><span class='ocrx_word' id='word_1_3' title='bbox 0 567 38 614; x_wconf 27' lang='grc' dir='ltr'>ΨΑ</span> 
     </span>
     <span class='ocr_line' id='line_1_4' title="bbox 0 616 9 635; baseline 0 0"><span class='ocrx_word' id='word_1_4' title='bbox 0 616 9 635; x_wconf 75' lang='lat'><em>&lt;</em></span> 
     </span>
    </p>
   </div>
   <div class='ocr_carea' id='block_1_2' title="bbox 0 2765 83 3432">
    <p class='ocr_par' dir='ltr' id='par_1_3' title="bbox 0 2765 83 3432">
     <span class='ocr_line' id='line_1_5' title="bbox 0 2765 83 3432; baseline 0 0"><span class='ocrx_word' id='word_1_5' title='bbox 0 2765 83 3432; x_wconf 95' lang='lat' dir='ltr'> </span> 
     </span>
    </p>
   </div>
   <div class='ocr_carea' id='block_1_3' title="bbox 0 0 69 310">
    <p class='ocr_par' dir='ltr' id='par_1_4' title="bbox 0 0 69 310">
     <span class='ocr_line' id='line_1_6' title="bbox 0 0 69 310; baseline 0 3122"><span class='ocrx_word' id='word_1_6' title='bbox 0 0 69 310; x_wconf 95' lang='lat' dir='ltr'> </span> 
     </span>
    </p>
   </div>
   <div class='ocr_carea' id='block_1_4' title="bbox 499 157 2018 208">
    <p class='ocr_par' dir='ltr' id='par_1_5' title="bbox 499 157 2018 208">
     <span class='ocr_line' id='line_1_7' title="bbox 499 157 2018 208; baseline 0 -11"><span class='ocrx_word' id='word_1_7' title='bbox 499 162 541 199; x_wconf 78' lang='lat' dir='ltr'>E.</span> <span class='ocrx_word' id='word_1_8' title='bbox 565 160 688 207; x_wconf 72' lang='lat' dir='ltr'>Konig</span> <span class='ocrx_word' id='word_1_9' title='bbox 709 161 937 208; x_wconf 72' lang='lat' dir='ltr'>Sigismunds</span> <span class='ocrx_word' id='word_1_10' title='bbox 962 160 1219 208; x_wconf 64' lang='lat' dir='ltr'>Kon&#39;zilsplano</span> <span class='ocrx_word' id='word_1_11' title='bbox 1247 162 1334 199; x_wconf 90' lang='lat'>1411</span> <span class='ocrx_word' id='word_1_12' title='bbox 1362 161 1437 198; x_wconf 87' lang='lat' dir='ltr'>und</span> <span class='ocrx_word' id='word_1_13' title='bbox 1465 161 1567 200; x_wconf 81' lang='lat'>1412.</span> <span class='ocrx_word' id='word_1_14' title='bbox 1618 164 1679 199; x_wconf 90' lang='lat' dir='ltr'>Nr.</span> <span class='ocrx_word' id='word_1_15' title='bbox 1705 165 1764 202; x_wconf 85' lang='lat'>21.</span> <span class='ocrx_word' id='word_1_16' title='bbox 1966 157 2018 198; x_wconf 84' lang='lat'>91</span> 
     </span>
    </p>
   </div>
   <div class='ocr_carea' id='block_1_5' title="bbox 224 263 2027 539">
    <p class='ocr_par' dir='ltr' id='par_1_6' title="bbox 224 263 2027 539">
     <span class='ocr_line' id='line_1_8' title="bbox 224 263 2026 325; baseline 0.001 -11"><span class='ocrx_word' id='word_1_17' title='bbox 224 263 440 315; x_wconf 58' lang='lat' dir='ltr'>⁴manibus</span> <span class='ocrx_word' id='word_1_18' title='bbox 475 264 758 312; x_wconf 79' lang='lat' dir='ltr'>Venetorum</span> <span class='ocrx_word' id='word_1_19' title='bbox 789 271 1044 312; x_wconf 85' lang='lat' dir='ltr'>nostrorum</span> <span class='ocrx_word' id='word_1_20' title='bbox 1084 272 1130 313; x_wconf 91' lang='lat' dir='ltr'>et</span> <span class='ocrx_word' id='word_1_21' title='bbox 1172 271 1286 313; x_wconf 88' lang='lat' dir='ltr'>sacri</span> <span class='ocrx_word' id='word_1_22' title='bbox 1328 270 1503 325; x_wconf 88' lang='lat' dir='ltr'>imperii</span> <span class='ocrx_word' id='word_1_23' title='bbox 1541 271 1776 314; x_wconf 84' lang='lat' dir='ltr'>rebellium</span> <span class='ocrx_word' id='word_1_24' title='bbox 1817 272 1861 314; x_wconf 91' lang='lat' dir='ltr'>et</span> <span class='ocrx_word' id='word_1_25' title='bbox 1902 286 2026 316; x_wconf 90' lang='lat' dir='ltr'>emu-</span> 
     </span>
     <span class='ocr_line' id='line_1_9' title="bbox 234 338 2027 399; baseline 0.001 -14"><span class='ocrx_word' id='word_1_26' title='bbox 234 343 381 386; x_wconf 88' lang='lat' dir='ltr'>lorum</span> <span class='ocrx_word' id='word_1_27' title='bbox 417 338 618 384; x_wconf 84' lang='lat' dir='ltr'>civitates</span> <span class='ocrx_word' id='word_1_28' title='bbox 657 341 701 383; x_wconf 88' lang='lat' dir='ltr'>et</span> <span class='ocrx_word' id='word_1_29' title='bbox 732 342 878 383; x_wconf 85' lang='lat' dir='ltr'>castra</span> <span class='ocrx_word' id='word_1_30' title='bbox 910 353 961 383; x_wconf 89' lang='lat' dir='ltr'>ac</span> <span class='ocrx_word' id='word_1_31' title='bbox 993 341 1081 383; x_wconf 89' lang='lat' dir='ltr'>alia</span> <span class='ocrx_word' id='word_1_32' title='bbox 1112 342 1209 384; x_wconf 89' lang='lat' dir='ltr'>loca</span> <span class='ocrx_word' id='word_1_33' title='bbox 1241 341 1288 383; x_wconf 88' lang='lat' dir='ltr'>in</span> <span class='ocrx_word' id='word_1_34' title='bbox 1319 342 1516 396; x_wconf 83' lang='lat' dir='ltr'><strong>presenti</strong></span> <span class='ocrx_word' id='word_1_35' title='bbox 1548 342 1749 399; x_wconf 77' lang='lat' dir='ltr'>cedujlal)</span> <span class='ocrx_word' id='word_1_36' title='bbox 1786 342 2027 387; x_wconf 89' lang='lat' dir='ltr'>interclusa</span> 
     </span>
     <span class='ocr_line' id='line_1_10' title="bbox 233 411 2027 467; baseline 0.001 -11"><span class='ocrx_word' id='word_1_37' title='bbox 233 412 497 457; x_wconf 83' lang='lat' dir='ltr'>nominatim</span> <span class='ocrx_word' id='word_1_38' title='bbox 533 411 756 466; x_wconf 89' lang='lat' dir='ltr'>descripta</span> <span class='ocrx_word' id='word_1_39' title='bbox 788 411 936 454; x_wconf 90' lang='lat' dir='ltr'>subito</span> <span class='ocrx_word' id='word_1_40' title='bbox 968 411 1153 467; x_wconf 87' lang='lat' dir='ltr'>impetu,</span> <span class='ocrx_word' id='word_1_41' title='bbox 1189 425 1279 455; x_wconf 90' lang='lat' dir='ltr'>non</span> <span class='ocrx_word' id='word_1_42' title='bbox 1312 413 1493 467; x_wconf 89' lang='lat' dir='ltr'>quidem</span> <span class='ocrx_word' id='word_1_43' title='bbox 1526 414 1721 456; x_wconf 88' lang='lat' dir='ltr'>humane</span> <span class='ocrx_word' id='word_1_44' title='bbox 1756 413 1914 457; x_wconf 85' lang='lat' dir='ltr'>virtuti</span> <span class='ocrx_word' id='word_1_45' title='bbox 1947 415 2027 457; x_wconf 90' lang='lat' dir='ltr'>sed</span> 
     </span>
     <span class='ocr_line' id='line_1_11' title="bbox 233 482 2027 539; baseline 0 -12"><span class='ocrx_word' id='word_1_46' title='bbox 233 484 381 527; x_wconf 85' lang='lat' dir='ltr'><strong>divine</strong></span> <span class='ocrx_word' id='word_1_47' title='bbox 417 482 567 538; x_wconf 89' lang='lat' dir='ltr'>potius</span> <span class='ocrx_word' id='word_1_48' title='bbox 610 482 843 525; x_wconf 79' lang='lat' dir='ltr'>clementie</span> <span class='ocrx_word' id='word_1_49' title='bbox 883 483 1170 536; x_wconf 79' lang='lat' dir='ltr'>ascribentes,</span> <span class='ocrx_word' id='word_1_50' title='bbox 1211 485 1440 538; x_wconf 80' lang='lat' dir='ltr'><strong>tamquam</strong></span> <span class='ocrx_word' id='word_1_51' title='bbox 1473 485 1588 526; x_wconf 87' lang='lat' dir='ltr'>ictus</span> <span class='ocrx_word' id='word_1_52' title='bbox 1626 483 1813 539; x_wconf 86' lang='lat' dir='ltr'>fulguris</span> <span class='ocrx_word' id='word_1_53' title='bbox 1847 485 1901 527; x_wconf 91' lang='lat' dir='ltr'>de</span> <span class='ocrx_word' id='word_1_54' title='bbox 1932 486 2027 527; x_wconf 92' lang='lat' dir='ltr'>celo</span> 
     </span>
    </p>
   </div>
   <div class='ocr_carea' id='block_1_6' title="bbox 162 554 2028 610">
    <p class='ocr_par' dir='ltr' id='par_1_7' title="bbox 162 554 2028 610">
     <span class='ocr_line' id='line_1_12' title="bbox 162 554 2028 610; baseline -0.001 -11"><span class='ocrx_word' id='word_1_55' title='bbox 162 557 187 600; x_wconf 87' lang='lat'>5</span> <span class='ocrx_word' id='word_1_56' title='bbox 235 569 371 610; x_wconf 88' lang='lat' dir='ltr'>super</span> <span class='ocrx_word' id='word_1_57' title='bbox 402 556 524 609; x_wconf 86' lang='lat' dir='ltr'>ipsos</span> <span class='ocrx_word' id='word_1_58' title='bbox 556 554 833 597; x_wconf 89' lang='lat' dir='ltr'>descendens</span> <span class='ocrx_word' id='word_1_59' title='bbox 861 555 1040 597; x_wconf 90' lang='lat' dir='ltr'>eosdem</span> <span class='ocrx_word' id='word_1_60' title='bbox 1066 555 1278 610; x_wconf 62' lang='lat' dir='ltr'>subegitss)</span> <span class='ocrx_word' id='word_1_61' title='bbox 1311 557 1356 598; x_wconf 93' lang='lat' dir='ltr'>et</span> <span class='ocrx_word' id='word_1_62' title='bbox 1379 557 1528 597; x_wconf 88' lang='lat' dir='ltr'>nostro</span> <span class='ocrx_word' id='word_1_63' title='bbox 1553 555 1741 609; x_wconf 91' lang='lat' dir='ltr'>imperio</span> <span class='ocrx_word' id='word_1_64' title='bbox 1763 556 2028 610; x_wconf 86' lang='lat' dir='ltr'>subiugavit,</span> 
     </span>
    </p>
   </div>
   <div class='ocr_carea' id='block_1_7' title="bbox 166 625 2032 2674">
    <p class='ocr_par' dir='ltr' id='par_1_8' title="bbox 166 625 2032 2674">
     <span class='ocr_line' id='line_1_13' title="bbox 234 625 2026 681; baseline -0.001 -12"><span class='ocrx_word' id='word_1_65' title='bbox 234 626 298 669; x_wconf 87' lang='lat' dir='ltr'>ita</span> <span class='ocrx_word' id='word_1_66' title='bbox 330 627 450 681; x_wconf 92' lang='lat' dir='ltr'>quod</span> <span class='ocrx_word' id='word_1_67' title='bbox 481 625 668 669; x_wconf 87' lang='lat' dir='ltr'>ecclesia</span> <span class='ocrx_word' id='word_1_68' title='bbox 700 625 1034 680; x_wconf 89' lang='lat' dir='ltr'>Aquilegiensis</span> <span class='ocrx_word' id='word_1_69' title='bbox 1075 626 1334 668; x_wconf 82' lang='lat' dir='ltr'>honorabile</span> <span class='ocrx_word' id='word_1_70' title='bbox 1369 627 1617 668; x_wconf 85' lang='lat' dir='ltr'>membrum</span> <span class='ocrx_word' id='word_1_71' title='bbox 1649 626 1823 681; x_wconf 90' lang='lat' dir='ltr'>imperii</span> <span class='ocrx_word' id='word_1_72' title='bbox 1855 627 1902 668; x_wconf 92' lang='lat' dir='ltr'>in</span> <span class='ocrx_word' id='word_1_73' title='bbox 1935 627 2026 668; x_wconf 87' lang='lat' dir='ltr'>suis</span> 
     </span>
     <span class='ocr_line' id='line_1_14' title="bbox 231 694 2027 753; baseline 0 -13"><span class='ocrx_word' id='word_1_74' title='bbox 231 698 406 748; x_wconf 81' lang='lat' dir='ltr'>iuribus</span> <span class='ocrx_word' id='word_1_75' title='bbox 445 710 525 751; x_wconf 89' lang='lat' dir='ltr'>per</span> <span class='ocrx_word' id='word_1_76' title='bbox 563 698 685 752; x_wconf 88' lang='lat' dir='ltr'>ipsas</span> <span class='ocrx_word' id='word_1_77' title='bbox 725 699 878 751; x_wconf 89' lang='lat' dir='ltr'>gentes</span> <span class='ocrx_word' id='word_1_78' title='bbox 919 699 1095 739; x_wconf 85' lang='lat' dir='ltr'>nostras</span> <span class='ocrx_word' id='word_1_79' title='bbox 1138 697 1221 739; x_wconf 90' lang='lat' dir='ltr'>fuit</span> <span class='ocrx_word' id='word_1_80' title='bbox 1260 694 1354 739; x_wconf 82' lang='lat' dir='ltr'>fere</span> <span class='ocrx_word' id='word_1_81' title='bbox 1397 699 1661 752; x_wconf 82' lang='lat' dir='ltr'>recuperata</span> <span class='ocrx_word' id='word_1_82' title='bbox 1701 700 1745 740; x_wconf 92' lang='lat' dir='ltr'>et</span> <span class='ocrx_word' id='word_1_83' title='bbox 1776 699 2027 753; x_wconf 74' lang='lat' dir='ltr'>patriarche</span> 
     </span>
     <span class='ocr_line' id='line_1_15' title="bbox 231 763 2029 823; baseline -0.001 -12"><span class='ocrx_word' id='word_1_84' title='bbox 231 769 524 823; x_wconf 87' lang='lat' dir='ltr'>Aquilegensi</span> <span class='ocrx_word' id='word_1_85' title='bbox 556 768 776 811; x_wconf 86' lang='lat' dir='ltr'>restituta.</span> <span class='ocrx_word' id='word_1_86' title='bbox 834 763 889 811; x_wconf 83' lang='lat' dir='ltr'>Et</span> <span class='ocrx_word' id='word_1_87' title='bbox 912 768 1012 811; x_wconf 90' lang='lat' dir='ltr'>ideo</span> <span class='ocrx_word' id='word_1_88' title='bbox 1045 768 1245 822; x_wconf 91' lang='lat' dir='ltr'>oportuit</span> <span class='ocrx_word' id='word_1_89' title='bbox 1270 782 1350 810; x_wconf 89' lang='lat' dir='ltr'>nos</span> <span class='ocrx_word' id='word_1_90' title='bbox 1373 782 1541 823; x_wconf 90' lang='lat' dir='ltr'>ponere</span> <span class='ocrx_word' id='word_1_91' title='bbox 1564 769 1805 811; x_wconf 86' lang='lat' dir='ltr'>terminum</span> <span class='ocrx_word' id='word_1_92' title='bbox 1828 770 2029 812; x_wconf 85' lang='lat' dir='ltr'>electori-</span> 
     </span>
     <span class='ocr_line' id='line_1_16' title="bbox 231 840 2027 894; baseline 0 -12"><span class='ocrx_word' id='word_1_93' title='bbox 231 840 317 882; x_wconf 86' lang='lat' dir='ltr'>bus</span> <span class='ocrx_word' id='word_1_94' title='bbox 350 842 394 882; x_wconf 90' lang='lat' dir='ltr'>et</span> <span class='ocrx_word' id='word_1_95' title='bbox 424 840 704 894; x_wconf 88' lang='lat' dir='ltr'>principibus</span> <span class='ocrx_word' id='word_1_96' title='bbox 737 840 914 894; x_wconf 87' lang='lat' dir='ltr'>imperii</span> <span class='ocrx_word' id='word_1_97' title='bbox 947 840 1249 882; x_wconf 88' lang='lat' dir='ltr'>constituendi</span> <span class='ocrx_word' id='word_1_98' title='bbox 1284 854 1365 882; x_wconf 87' lang='lat' dir='ltr'>nos</span> <span class='ocrx_word' id='word_1_99' title='bbox 1398 841 1454 882; x_wconf 89' lang='lat' dir='ltr'>ad</span> <span class='ocrx_word' id='word_1_100' title='bbox 1487 840 1651 883; x_wconf 87' lang='lat' dir='ltr'>festum</span> <span class='ocrx_word' id='word_1_101' title='bbox 1684 841 1825 883; x_wconf 87' lang='lat' dir='ltr'>sancti</span> <span class='ocrx_word' id='word_1_102' title='bbox 1849 840 2027 882; x_wconf 84' lang='lat' dir='ltr'>Martini</span> 
     </span>
     <span class='ocr_line' id='line_1_17' title="bbox 167 910 2029 968; baseline -0.002 -13"><span class='ocrx_word' id='word_1_103' title='bbox 167 911 485 966; x_wconf 86' lang='lat' dir='ltr'>lOproximum</span> <span class='ocrx_word' id='word_1_104' title='bbox 532 911 774 954; x_wconf 86' lang='lat' dir='ltr'>affuturum</span> <span class='ocrx_word' id='word_1_105' title='bbox 822 924 904 965; x_wconf 90' lang='lat' dir='ltr'>pro</span> <span class='ocrx_word' id='word_1_106' title='bbox 954 910 1252 964; x_wconf 87' lang='lat' dir='ltr'>suscipiendis</span> <span class='ocrx_word' id='word_1_107' title='bbox 1301 911 1346 954; x_wconf 92' lang='lat' dir='ltr'>in</span> <span class='ocrx_word' id='word_1_108' title='bbox 1398 911 1674 968; x_wconf 79' lang='lat' dir='ltr'>Alamania2)</span> <span class='ocrx_word' id='word_1_109' title='bbox 1727 912 2029 954; x_wconf 78' lang='lat' dir='ltr'>coronationis</span> 
     </span>
     <span class='ocr_line' id='line_1_18' title="bbox 234 982 2029 1036; baseline 0.001 -13"><span class='ocrx_word' id='word_1_110' title='bbox 234 984 385 1024; x_wconf 85' lang='lat' dir='ltr'>nostre</span> <span class='ocrx_word' id='word_1_111' title='bbox 421 982 622 1036; x_wconf 85' lang='lat' dir='ltr'>insigniis</span> <span class='ocrx_word' id='word_1_112' title='bbox 656 983 701 1024; x_wconf 91' lang='lat' dir='ltr'>et</span> <span class='ocrx_word' id='word_1_113' title='bbox 735 982 805 1025; x_wconf 93' lang='lat' dir='ltr'>die</span> <span class='ocrx_word' id='word_1_114' title='bbox 828 983 903 1025; x_wconf 89' lang='lat' dir='ltr'>illa</span> <span class='ocrx_word' id='word_1_115' title='bbox 925 983 1131 1024; x_wconf 89' lang='lat' dir='ltr'>omnibus</span> <span class='ocrx_word' id='word_1_116' title='bbox 1156 982 1318 1034; x_wconf 82' lang='lat' dir='ltr'>modis,</span> <span class='ocrx_word' id='word_1_117' title='bbox 1352 984 1444 1025; x_wconf 93' lang='lat' dir='ltr'>Deo</span> <span class='ocrx_word' id='word_1_118' title='bbox 1475 984 1671 1036; x_wconf 77' lang='lat' dir='ltr'>auspice,</span> <span class='ocrx_word' id='word_1_119' title='bbox 1704 983 1910 1025; x_wconf 84' lang='lat' dir='ltr'>volumus</span> <span class='ocrx_word' id='word_1_120' title='bbox 1933 996 2029 1025; x_wconf 86' lang='lat' dir='ltr'>esse</span> 
     </span>
     <span class='ocr_line' id='line_1_19' title="bbox 233 1053 2030 1108; baseline 0 -12"><span class='ocrx_word' id='word_1_121' title='bbox 233 1054 281 1096; x_wconf 92' lang='lat' dir='ltr'>in</span> <span class='ocrx_word' id='word_1_122' title='bbox 312 1053 612 1096; x_wconf 87' lang='lat' dir='ltr'>Francfordia.</span> <span class='ocrx_word' id='word_1_123' title='bbox 675 1054 904 1108; x_wconf 84' lang='lat' dir='ltr'>Rogamus</span> <span class='ocrx_word' id='word_1_124' title='bbox 943 1053 1095 1108; x_wconf 89' lang='lat' dir='ltr'>itaque</span> <span class='ocrx_word' id='word_1_125' title='bbox 1140 1056 1336 1096; x_wconf 88' lang='lat' dir='ltr'>vestram</span> <span class='ocrx_word' id='word_1_126' title='bbox 1382 1053 1722 1105; x_wconf 78' lang='lat' dir='ltr'>fraternitatem,</span> <span class='ocrx_word' id='word_1_127' title='bbox 1765 1055 1814 1096; x_wconf 85' lang='lat' dir='ltr'>ut</span> <span class='ocrx_word' id='word_1_128' title='bbox 1854 1055 2030 1108; x_wconf 87' lang='lat' dir='ltr'>placeat</span> 
     </span>
     <span class='ocr_line' id='line_1_20' title="bbox 234 1124 2031 1168; baseline -0.001 -1"><span class='ocrx_word' id='word_1_129' title='bbox 234 1125 291 1167; x_wconf 90' lang='lat' dir='ltr'>ad</span> <span class='ocrx_word' id='word_1_130' title='bbox 332 1138 413 1167; x_wconf 90' lang='lat' dir='ltr'>nos</span> <span class='ocrx_word' id='word_1_131' title='bbox 451 1125 557 1167; x_wconf 88' lang='lat' dir='ltr'>illuc</span> <span class='ocrx_word' id='word_1_132' title='bbox 594 1124 644 1166; x_wconf 78' lang='lat' dir='ltr'>&#39;in</span> <span class='ocrx_word' id='word_1_133' title='bbox 686 1124 933 1167; x_wconf 88' lang='lat' dir='ltr'>Francfurd</span> <span class='ocrx_word' id='word_1_134' title='bbox 976 1126 1123 1167; x_wconf 87' lang='lat' dir='ltr'>certos</span> <span class='ocrx_word' id='word_1_135' title='bbox 1169 1125 1223 1167; x_wconf 92' lang='lat' dir='ltr'>de</span> <span class='ocrx_word' id='word_1_136' title='bbox 1269 1124 1534 1167; x_wconf 89' lang='lat' dir='ltr'>consiliariis</span> <span class='ocrx_word' id='word_1_137' title='bbox 1584 1125 1742 1168; x_wconf 88' lang='lat' dir='ltr'>vestris</span> <span class='ocrx_word' id='word_1_138' title='bbox 1791 1127 1844 1167; x_wconf 91' lang='lat' dir='ltr'>de</span> <span class='ocrx_word' id='word_1_139' title='bbox 1882 1128 2031 1167; x_wconf 89' lang='lat' dir='ltr'>vestr-a</span> 
     </span>
     <span class='ocr_line' id='line_1_21' title="bbox 235 1196 2030 1251; baseline -0.001 -13"><span class='ocrx_word' id='word_1_140' title='bbox 235 1198 383 1239; x_wconf 83' lang='lat' dir='ltr'>mente</span> <span class='ocrx_word' id='word_1_141' title='bbox 435 1196 708 1239; x_wconf 86' lang='lat' dir='ltr'>sufficienter</span> <span class='ocrx_word' id='word_1_142' title='bbox 761 1197 1003 1239; x_wconf 88' lang='lat' dir='ltr'>instructos</span> <span class='ocrx_word' id='word_1_143' title='bbox 1054 1198 1292 1249; x_wconf 89' lang='lat' dir='ltr'>destinare,</span> <span class='ocrx_word' id='word_1_144' title='bbox 1341 1197 1556 1251; x_wconf 84' lang='lat' dir='ltr'>precipue</span> <span class='ocrx_word' id='word_1_145' title='bbox 1608 1199 1657 1239; x_wconf 88' lang='lat' dir='ltr'>ut</span> <span class='ocrx_word' id='word_1_146' title='bbox 1704 1210 1803 1238; x_wconf 86' lang='lat' dir='ltr'>cum</span> <span class='ocrx_word' id='word_1_147' title='bbox 1855 1196 2030 1238; x_wconf 90' lang='lat' dir='ltr'>illorum</span> 
     </span>
     <span class='ocr_line' id='line_1_22' title="bbox 168 1266 2030 1322; baseline -0.001 -11"><span class='ocrx_word' id='word_1_148' title='bbox 168 1269 219 1311; x_wconf 79' lang='lat'>15</span> <span class='ocrx_word' id='word_1_149' title='bbox 236 1267 480 1310; x_wconf 81' lang='lat' dir='ltr'>directione</span> <span class='ocrx_word' id='word_1_150' title='bbox 521 1269 563 1310; x_wconf 86' lang='lat' dir='ltr'>et</span> <span class='ocrx_word' id='word_1_151' title='bbox 606 1268 791 1311; x_wconf 89' lang='lat' dir='ltr'>consilio</span> <span class='ocrx_word' id='word_1_152' title='bbox 832 1268 1067 1310; x_wconf 85' lang='lat' dir='ltr'>intendere</span> <span class='ocrx_word' id='word_1_153' title='bbox 1109 1270 1153 1310; x_wconf 88' lang='lat' dir='ltr'>et</span> <span class='ocrx_word' id='word_1_154' title='bbox 1196 1269 1401 1311; x_wconf 87' lang='lat' dir='ltr'>laborare</span> <span class='ocrx_word' id='word_1_155' title='bbox 1441 1266 1668 1311; x_wconf 82' lang='lat' dir='ltr'>valeamus</span> <span class='ocrx_word' id='word_1_156' title='bbox 1710 1281 1791 1322; x_wconf 90' lang='lat' dir='ltr'>pro</span> <span class='ocrx_word' id='word_1_157' title='bbox 1823 1281 1933 1321; x_wconf 89' lang='lat' dir='ltr'>pace</span> <span class='ocrx_word' id='word_1_158' title='bbox 1966 1268 2030 1310; x_wconf 83' lang='lat' dir='ltr'>fa-</span> 
     </span>
     <span class='ocr_line' id='line_1_23' title="bbox 235 1338 2030 1394; baseline -0.001 -14"><span class='ocrx_word' id='word_1_159' title='bbox 235 1338 392 1381; x_wconf 90' lang='lat' dir='ltr'>cienda</span> <span class='ocrx_word' id='word_1_160' title='bbox 438 1338 555 1381; x_wconf 87' lang='lat' dir='ltr'>inter</span> <span class='ocrx_word' id='word_1_161' title='bbox 599 1339 893 1394; x_wconf 88' lang='lat' dir='ltr'>Fransigenas</span> <span class='ocrx_word' id='word_1_162' title='bbox 941 1342 984 1381; x_wconf 91' lang='lat' dir='ltr'>et</span> <span class='ocrx_word' id='word_1_163' title='bbox 1036 1339 1172 1382; x_wconf 87' lang='lat' dir='ltr'>etiam</span> <span class='ocrx_word' id='word_1_164' title='bbox 1221 1340 1372 1394; x_wconf 88' lang='lat' dir='ltr'>aliqua</span> <span class='ocrx_word' id='word_1_165' title='bbox 1418 1342 1609 1382; x_wconf 85' lang='lat' dir='ltr'>tractare</span> <span class='ocrx_word' id='word_1_166' title='bbox 1657 1338 1928 1394; x_wconf 86' lang='lat' dir='ltr'>pertinentia</span> <span class='ocrx_word' id='word_1_167' title='bbox 1975 1339 2030 1380; x_wconf 89' lang='lat' dir='ltr'>ad</span> 
     </span>
     <span class='ocr_line' id='line_1_24' title="bbox 235 1408 2032 1464; baseline -0.001 -12"><span class='ocrx_word' id='word_1_168' title='bbox 235 1410 469 1452; x_wconf 87' lang='lat' dir='ltr'>consilium</span> <span class='ocrx_word' id='word_1_169' title='bbox 499 1411 715 1464; x_wconf 89' lang='lat' dir='ltr'>generale,</span> <span class='ocrx_word' id='word_1_170' title='bbox 740 1411 865 1452; x_wconf 88' lang='lat' dir='ltr'>sicud</span> <span class='ocrx_word' id='word_1_171' title='bbox 897 1410 1032 1453; x_wconf 90' lang='lat' dir='ltr'>etiam</span> <span class='ocrx_word' id='word_1_172' title='bbox 1068 1411 1178 1452; x_wconf 90' lang='lat' dir='ltr'>alias</span> <span class='ocrx_word' id='word_1_173' title='bbox 1211 1413 1359 1453; x_wconf 86' lang='lat' dir='ltr'>vestre</span> <span class='ocrx_word' id='word_1_174' title='bbox 1389 1410 1638 1453; x_wconf 88' lang='lat' dir='ltr'>serenitatis</span> <span class='ocrx_word' id='word_1_175' title='bbox 1662 1408 1932 1454; x_wconf 83' lang='lat' dir='ltr'>fraternitati</span> <span class='ocrx_word' id='word_1_176' title='bbox 1954 1423 2032 1463; x_wconf 88' lang='lat' dir='ltr'>per</span> 
     </span>
     <span class='ocr_line' id='line_1_25' title="bbox 192 1479 2031 1537; baseline -0.002 -14"><span class='ocrx_word' id='word_1_177' title='bbox 192 1481 560 1536; x_wconf 63' lang='lat' dir='ltr'>-Hartu(n)gum</span> <span class='ocrx_word' id='word_1_178' title='bbox 594 1481 706 1523; x_wconf 86' lang='lat' dir='ltr'>Clux</span> <span class='ocrx_word' id='word_1_179' title='bbox 741 1481 926 1523; x_wconf 89' lang='lat' dir='ltr'>militem</span> <span class='ocrx_word' id='word_1_180' title='bbox 960 1484 1003 1523; x_wconf 92' lang='lat' dir='ltr'>et</span> <span class='ocrx_word' id='word_1_181' title='bbox 1035 1482 1295 1535; x_wconf 87' lang='lat' dir='ltr'>magistrum</span> <span class='ocrx_word' id='word_1_182' title='bbox 1317 1483 1565 1524; x_wconf 85' lang='lat' dir='ltr'>Johannem</span> <span class='ocrx_word' id='word_1_183' title='bbox 1589 1479 1787 1537; x_wconf 74' lang='lat' dir='ltr'>stokesb&gt;</span> <span class='ocrx_word' id='word_1_184' title='bbox 1809 1480 2031 1523; x_wconf 81' lang='lat' dir='ltr'>ambaxia-</span> 
     </span>
     <span class='ocr_line' id='line_1_26' title="bbox 235 1550 2029 1608; baseline 0 -16"><span class='ocrx_word' id='word_1_185' title='bbox 235 1555 356 1593; x_wconf 81' lang='lat' dir='ltr'>tores</span> <span class='ocrx_word' id='word_1_186' title='bbox 398 1552 613 1608; x_wconf 68' lang='lat' dir='ltr'>vestrosss)</span> <span class='ocrx_word' id='word_1_187' title='bbox 659 1552 890 1594; x_wconf 86' lang='lat' dir='ltr'>intimasse</span> <span class='ocrx_word' id='word_1_188' title='bbox 923 1552 1217 1605; x_wconf 90' lang='lat' dir='ltr'>meminimus,</span> <span class='ocrx_word' id='word_1_189' title='bbox 1267 1555 1311 1595; x_wconf 89' lang='lat' dir='ltr'>et</span> <span class='ocrx_word' id='word_1_190' title='bbox 1344 1553 1575 1606; x_wconf 82' lang='lat' dir='ltr'>expediret</span> <span class='ocrx_word' id='word_1_191' title='bbox 1627 1553 1783 1606; x_wconf 88' lang='lat' dir='ltr'>utique</span> <span class='ocrx_word' id='word_1_192' title='bbox 1822 1550 2029 1594; x_wconf 87' lang='lat' dir='ltr'>omnibus</span> 
     </span>
     <span class='ocr_line' id='line_1_27' title="bbox 166 1622 2030 1677; baseline -0.002 -12"><span class='ocrx_word' id='word_1_193' title='bbox 166 1625 223 1665; x_wconf 77' lang='lat'>20</span> <span class='ocrx_word' id='word_1_194' title='bbox 238 1622 416 1676; x_wconf 88' lang='lat' dir='ltr'>regibus</span> <span class='ocrx_word' id='word_1_195' title='bbox 456 1625 499 1664; x_wconf 92' lang='lat' dir='ltr'>et</span> <span class='ocrx_word' id='word_1_196' title='bbox 531 1623 811 1677; x_wconf 88' lang='lat' dir='ltr'>principibus</span> <span class='ocrx_word' id='word_1_197' title='bbox 853 1624 974 1666; x_wconf 89' lang='lat' dir='ltr'>orbis</span> <span class='ocrx_word' id='word_1_198' title='bbox 1019 1625 1138 1666; x_wconf 90' lang='lat' dir='ltr'>terre</span> <span class='ocrx_word' id='word_1_199' title='bbox 1176 1625 1409 1665; x_wconf 87' lang='lat' dir='ltr'>intendere</span> <span class='ocrx_word' id='word_1_200' title='bbox 1442 1625 1487 1665; x_wconf 89' lang='lat' dir='ltr'>et</span> <span class='ocrx_word' id='word_1_201' title='bbox 1518 1625 1734 1675; x_wconf 88' lang='lat' dir='ltr'>laborare,</span> <span class='ocrx_word' id='word_1_202' title='bbox 1774 1623 1894 1676; x_wconf 88' lang='lat' dir='ltr'>quod</span> <span class='ocrx_word' id='word_1_203' title='bbox 1926 1635 2030 1663; x_wconf 89' lang='lat' dir='ltr'>con-</span> 
     </span>
     <span class='ocr_line' id='line_1_28' title="bbox 237 1691 2028 1749; baseline -0.001 -14"><span class='ocrx_word' id='word_1_204' title='bbox 237 1693 384 1735; x_wconf 89' lang='lat' dir='ltr'>silium</span> <span class='ocrx_word' id='word_1_205' title='bbox 416 1693 526 1735; x_wconf 90' lang='lat' dir='ltr'>illud</span> <span class='ocrx_word' id='word_1_206' title='bbox 557 1696 731 1736; x_wconf 88' lang='lat' dir='ltr'>mature</span> <span class='ocrx_word' id='word_1_207' title='bbox 764 1695 1073 1737; x_wconf 88' lang='lat' dir='ltr'>celebraretur</span> <span class='ocrx_word' id='word_1_208' title='bbox 1104 1696 1368 1748; x_wconf 85' lang='lat' dir='ltr'>tantumque</span> <span class='ocrx_word' id='word_1_209' title='bbox 1400 1696 1576 1749; x_wconf 91' lang='lat' dir='ltr'>tempus</span> <span class='ocrx_word' id='word_1_210' title='bbox 1609 1694 1929 1748; x_wconf 75' lang='lat' dir='ltr'>indulgeretur,</span> <span class='ocrx_word' id='word_1_211' title='bbox 1968 1691 2028 1733; x_wconf 91' lang='lat' dir='ltr'>uti</span> 
     </span>
     <span class='ocr_line' id='line_1_29' title="bbox 237 1762 2031 1820; baseline -0.001 -14"><span class='ocrx_word' id='word_1_212' title='bbox 237 1766 282 1806; x_wconf 92' lang='lat' dir='ltr'>et</span> <span class='ocrx_word' id='word_1_213' title='bbox 324 1765 378 1806; x_wconf 93' lang='lat' dir='ltr'>de</span> <span class='ocrx_word' id='word_1_214' title='bbox 416 1765 538 1816; x_wconf 89' lang='lat' dir='ltr'>locis,</span> <span class='ocrx_word' id='word_1_215' title='bbox 581 1779 669 1819; x_wconf 91' lang='lat' dir='ltr'>que</span> <span class='ocrx_word' id='word_1_216' title='bbox 701 1767 856 1819; x_wconf 88' lang='lat' dir='ltr'>procul</span> <span class='ocrx_word' id='word_1_217' title='bbox 902 1766 1006 1818; x_wconf 88' lang='lat' dir='ltr'>sint,</span> <span class='ocrx_word' id='word_1_218' title='bbox 1048 1765 1222 1820; x_wconf 81' lang='lat' dir='ltr'>possint</span> <span class='ocrx_word' id='word_1_219' title='bbox 1265 1766 1320 1807; x_wconf 90' lang='lat' dir='ltr'>ad</span> <span class='ocrx_word' id='word_1_220' title='bbox 1358 1766 1467 1807; x_wconf 91' lang='lat' dir='ltr'>illud</span> <span class='ocrx_word' id='word_1_221' title='bbox 1511 1762 1764 1816; x_wconf 76' lang='lat' dir='ltr'>convenire,</span> <span class='ocrx_word' id='word_1_222' title='bbox 1806 1763 1911 1818; x_wconf 86' lang='lat' dir='ltr'>quia</span> <span class='ocrx_word' id='word_1_223' title='bbox 1951 1776 2031 1816; x_wconf 89' lang='lat' dir='ltr'>per</span> 
     </span>
     <span class='ocr_line' id='line_1_30' title="bbox 236 1835 2030 1891; baseline -0.001 -14"><span class='ocrx_word' id='word_1_224' title='bbox 236 1835 375 1878; x_wconf 86' lang='lat' dir='ltr'>multa</span> <span class='ocrx_word' id='word_1_225' title='bbox 408 1838 671 1889; x_wconf 85' lang='lat' dir='ltr'>argumenta</span> <span class='ocrx_word' id='word_1_226' title='bbox 703 1850 1001 1891; x_wconf 78' lang='lat' dir='ltr'>speraremus,</span> <span class='ocrx_word' id='word_1_227' title='bbox 1048 1838 1167 1890; x_wconf 89' lang='lat' dir='ltr'>quod</span> <span class='ocrx_word' id='word_1_228' title='bbox 1202 1838 1388 1879; x_wconf 88' lang='lat' dir='ltr'>ecclesia</span> <span class='ocrx_word' id='word_1_229' title='bbox 1421 1838 1561 1878; x_wconf 87' lang='lat' dir='ltr'>Greca</span> <span class='ocrx_word' id='word_1_230' title='bbox 1594 1835 1952 1878; x_wconf 83' lang='lat' dir='ltr'>reconsiliaretur</span> <span class='ocrx_word' id='word_1_231' title='bbox 1985 1835 2030 1876; x_wconf 89' lang='lat' dir='ltr'>et</span> 
     </span>
     <span class='ocr_line' id='line_1_31' title="bbox 237 1905 2030 1962; baseline -0.001 -14"><span class='ocrx_word' id='word_1_232' title='bbox 237 1908 494 1949; x_wconf 88' lang='lat' dir='ltr'>reuniretur</span> <span class='ocrx_word' id='word_1_233' title='bbox 543 1908 747 1950; x_wconf 86' lang='lat' dir='ltr'>Romane</span> <span class='ocrx_word' id='word_1_234' title='bbox 796 1908 981 1950; x_wconf 84' lang='lat' dir='ltr'>ecclesie</span> <span class='ocrx_word' id='word_1_235' title='bbox 1029 1909 1325 1960; x_wconf 82' lang='lat' dir='ltr'>sacrosancte,</span> <span class='ocrx_word' id='word_1_236' title='bbox 1375 1909 1585 1962; x_wconf 85' lang='lat' dir='ltr'>quoniam</span> <span class='ocrx_word' id='word_1_237' title='bbox 1634 1909 1677 1949; x_wconf 88' lang='lat' dir='ltr'>et</span> <span class='ocrx_word' id='word_1_238' title='bbox 1723 1905 2030 1949; x_wconf 82' lang='lat' dir='ltr'>sanctissimus</span> 
     </span>
     <span class='ocr_line' id='line_1_32' title="bbox 167 1978 2030 2034; baseline -0.002 -13"><span class='ocrx_word' id='word_1_239' title='bbox 167 1980 221 2021; x_wconf 74' lang='lat'>25</span> <span class='ocrx_word' id='word_1_240' title='bbox 240 1978 448 2020; x_wconf 90' lang='lat' dir='ltr'>dominus</span> <span class='ocrx_word' id='word_1_241' title='bbox 488 1979 641 2020; x_wconf 89' lang='lat' dir='ltr'>noster</span> <span class='ocrx_word' id='word_1_242' title='bbox 685 1980 888 2021; x_wconf 88' lang='lat' dir='ltr'>dominus</span> <span class='ocrx_word' id='word_1_243' title='bbox 930 1980 1156 2022; x_wconf 79' lang='lat' dir='ltr'>Johannes</span> <span class='ocrx_word' id='word_1_244' title='bbox 1199 1993 1317 2034; x_wconf 90' lang='lat' dir='ltr'>papa</span> <span class='ocrx_word' id='word_1_245' title='bbox 1368 1979 1602 2021; x_wconf 87' lang='lat' dir='ltr'>vicesimus</span> <span class='ocrx_word' id='word_1_246' title='bbox 1634 1979 1792 2020; x_wconf 87' lang='lat' dir='ltr'>tertius</span> <span class='ocrx_word' id='word_1_247' title='bbox 1840 1978 2030 2019; x_wconf 88' lang='lat' dir='ltr'>libenter</span> 
     </span>
     <span class='ocr_line' id='line_1_33' title="bbox 238 2048 2030 2104; baseline -0.001 -14"><span class='ocrx_word' id='word_1_248' title='bbox 238 2049 423 2099; x_wconf 87' lang='lat' dir='ltr'>videret,</span> <span class='ocrx_word' id='word_1_249' title='bbox 457 2051 577 2103; x_wconf 86' lang='lat' dir='ltr'>quod</span> <span class='ocrx_word' id='word_1_250' title='bbox 610 2051 870 2104; x_wconf 86' lang='lat' dir='ltr'>passagium</span> <span class='ocrx_word' id='word_1_251' title='bbox 903 2050 1031 2092; x_wconf 87' lang='lat' dir='ltr'>fieret</span> <span class='ocrx_word' id='word_1_252' title='bbox 1063 2051 1117 2093; x_wconf 88' lang='lat' dir='ltr'>ad</span> <span class='ocrx_word' id='word_1_253' title='bbox 1149 2052 1316 2092; x_wconf 88' lang='lat' dir='ltr'>terram</span> <span class='ocrx_word' id='word_1_254' title='bbox 1349 2051 1547 2092; x_wconf 88' lang='lat' dir='ltr'>sanctam</span> <span class='ocrx_word' id='word_1_255' title='bbox 1579 2052 1680 2104; x_wconf 86' lang='lat' dir='ltr'>post</span> <span class='ocrx_word' id='word_1_256' title='bbox 1709 2048 1883 2091; x_wconf 92' lang='lat' dir='ltr'>concilii</span> <span class='ocrx_word' id='word_1_257' title='bbox 1916 2048 2030 2089; x_wconf 88' lang='lat' dir='ltr'>cele-</span> 
     </span>
     <span class='ocr_line' id='line_1_34' title="bbox 239 2120 2032 2175; baseline -0.002 -13"><span class='ocrx_word' id='word_1_258' title='bbox 239 2120 505 2162; x_wconf 88' lang='lat' dir='ltr'>brationem.</span> <span class='ocrx_word' id='word_1_259' title='bbox 555 2121 625 2163; x_wconf 89' lang='lat' dir='ltr'>Ad</span> <span class='ocrx_word' id='word_1_260' title='bbox 648 2123 766 2175; x_wconf 88' lang='lat' dir='ltr'>quod</span> <span class='ocrx_word' id='word_1_261' title='bbox 791 2121 938 2173; x_wconf 85' lang='lat' dir='ltr'>etiam,</span> <span class='ocrx_word' id='word_1_262' title='bbox 975 2122 1148 2163; x_wconf 89' lang='lat' dir='ltr'>utinam</span> <span class='ocrx_word' id='word_1_263' title='bbox 1173 2121 1410 2163; x_wconf 87' lang='lat' dir='ltr'>clementia</span> <span class='ocrx_word' id='word_1_264' title='bbox 1432 2120 1636 2163; x_wconf 89' lang='lat' dir='ltr'>altissimi</span> <span class='ocrx_word' id='word_1_265' title='bbox 1658 2121 1896 2171; x_wconf 86' lang='lat' dir='ltr'>annuente,</span> <span class='ocrx_word' id='word_1_266' title='bbox 1929 2120 2032 2160; x_wconf 84' lang='lat' dir='ltr'>vota</span> 
     </span>
     <span class='ocr_line' id='line_1_35' title="bbox 239 2190 2030 2246; baseline -0.002 -13"><span class='ocrx_word' id='word_1_267' title='bbox 239 2193 395 2234; x_wconf 88' lang='lat' dir='ltr'>nostra</span> <span class='ocrx_word' id='word_1_268' title='bbox 433 2193 650 2246; x_wconf 89' lang='lat' dir='ltr'>aspirant,</span> <span class='ocrx_word' id='word_1_269' title='bbox 694 2195 839 2234; x_wconf 86' lang='lat' dir='ltr'>vestro</span> <span class='ocrx_word' id='word_1_270' title='bbox 882 2195 1031 2234; x_wconf 91' lang='lat' dir='ltr'>tamen</span> <span class='ocrx_word' id='word_1_271' title='bbox 1064 2193 1262 2235; x_wconf 88' lang='lat' dir='ltr'>subsidio</span> <span class='ocrx_word' id='word_1_272' title='bbox 1296 2193 1352 2234; x_wconf 90' lang='lat' dir='ltr'>ad</span> <span class='ocrx_word' id='word_1_273' title='bbox 1384 2193 1466 2234; x_wconf 91' lang='lat' dir='ltr'>hoc</span> <span class='ocrx_word' id='word_1_274' title='bbox 1499 2193 1802 2234; x_wconf 86' lang='lat' dir='ltr'>concurrente.</span> <span class='ocrx_word' id='word_1_275' title='bbox 1866 2190 1916 2231; x_wconf 89' lang='lat' dir='ltr'>In</span> <span class='ocrx_word' id='word_1_276' title='bbox 1949 2190 2030 2230; x_wconf 85' lang='lat' dir='ltr'>hoc</span> 
     </span>
     <span class='ocr_line' id='line_1_36' title="bbox 241 2262 2030 2317; baseline -0.001 -13"><span class='ocrx_word' id='word_1_277' title='bbox 241 2264 403 2311; x_wconf 85' lang='lat' dir='ltr'>autem,</span> <span class='ocrx_word' id='word_1_278' title='bbox 437 2263 564 2305; x_wconf 90' lang='lat' dir='ltr'>sicud</span> <span class='ocrx_word' id='word_1_279' title='bbox 597 2263 813 2314; x_wconf 73' lang='lat' dir='ltr'>novimus,</span> <span class='ocrx_word' id='word_1_280' title='bbox 847 2266 995 2306; x_wconf 90' lang='lat' dir='ltr'>vestra</span> <span class='ocrx_word' id='word_1_281' title='bbox 1027 2263 1293 2317; x_wconf 88' lang='lat' dir='ltr'>simpliciter</span> <span class='ocrx_word' id='word_1_282' title='bbox 1316 2263 1552 2305; x_wconf 86' lang='lat' dir='ltr'>solicitudo</span> <span class='ocrx_word' id='word_1_283' title='bbox 1578 2265 1782 2304; x_wconf 84' lang='lat' dir='ltr'>versatur</span> <span class='ocrx_word' id='word_1_284' title='bbox 1805 2263 1849 2303; x_wconf 89' lang='lat' dir='ltr'>et</span> <span class='ocrx_word' id='word_1_285' title='bbox 1872 2262 2030 2302; x_wconf 89' lang='lat' dir='ltr'>ductus</span> 
     </span>
     <span class='ocr_line' id='line_1_37' title="bbox 169 2333 2028 2388; baseline -0.002 -12"><span class='ocrx_word' id='word_1_286' title='bbox 169 2335 225 2377; x_wconf 88' lang='lat'>30</span> <span class='ocrx_word' id='word_1_287' title='bbox 240 2333 400 2388; x_wconf 88' lang='lat' dir='ltr'>spiritu</span> <span class='ocrx_word' id='word_1_288' title='bbox 439 2334 604 2376; x_wconf 90' lang='lat' dir='ltr'>domini</span> <span class='ocrx_word' id='word_1_289' title='bbox 644 2335 701 2376; x_wconf 92' lang='lat' dir='ltr'>ad</span> <span class='ocrx_word' id='word_1_290' title='bbox 741 2335 1018 2377; x_wconf 88' lang='lat' dir='ltr'>liberandam</span> <span class='ocrx_word' id='word_1_291' title='bbox 1057 2337 1224 2377; x_wconf 89' lang='lat' dir='ltr'>terram</span> <span class='ocrx_word' id='word_1_292' title='bbox 1258 2334 1422 2376; x_wconf 85' lang='lat' dir='ltr'>Christi</span> <span class='ocrx_word' id='word_1_293' title='bbox 1465 2334 1682 2387; x_wconf 84' lang='lat' dir='ltr'>sanguine</span> <span class='ocrx_word' id='word_1_294' title='bbox 1723 2333 2028 2374; x_wconf 90' lang='lat' dir='ltr'>consecratam</span> 
     </span>
     <span class='ocr_line' id='line_1_38' title="bbox 240 2403 2029 2459; baseline -0.001 -14"><span class='ocrx_word' id='word_1_295' title='bbox 240 2405 297 2446; x_wconf 90' lang='lat' dir='ltr'>ob</span> <span class='ocrx_word' id='word_1_296' title='bbox 331 2405 631 2447; x_wconf 88' lang='lat' dir='ltr'>reverentiam</span> <span class='ocrx_word' id='word_1_297' title='bbox 663 2406 958 2459; x_wconf 88' lang='lat' dir='ltr'>redemptoris</span> <span class='ocrx_word' id='word_1_298' title='bbox 992 2406 1210 2459; x_wconf 88' lang='lat' dir='ltr'>aspiratis.</span> <span class='ocrx_word' id='word_1_299' title='bbox 1276 2406 1388 2448; x_wconf 90' lang='lat' dir='ltr'>Nam</span> <span class='ocrx_word' id='word_1_300' title='bbox 1424 2407 1467 2447; x_wconf 89' lang='lat' dir='ltr'>et</span> <span class='ocrx_word' id='word_1_301' title='bbox 1489 2407 1679 2446; x_wconf 84' lang='lat' dir='ltr'>vestram</span> <span class='ocrx_word' id='word_1_302' title='bbox 1704 2403 2029 2446; x_wconf 87' lang='lat' dir='ltr'>fraternitatem</span> 
     </span>
     <span class='ocr_line' id='line_1_39' title="bbox 240 2473 2030 2531; baseline -0.002 -14"><span class='ocrx_word' id='word_1_303' title='bbox 240 2475 406 2517; x_wconf 87' lang='lat' dir='ltr'>scimus</span> <span class='ocrx_word' id='word_1_304' title='bbox 447 2477 539 2518; x_wconf 91' lang='lat' dir='ltr'>tam</span> <span class='ocrx_word' id='word_1_305' title='bbox 587 2477 728 2519; x_wconf 87' lang='lat' dir='ltr'>sancti</span> <span class='ocrx_word' id='word_1_306' title='bbox 770 2477 936 2531; x_wconf 81' lang='lat' dir='ltr'>negotii</span> <span class='ocrx_word' id='word_1_307' title='bbox 979 2491 1076 2519; x_wconf 91' lang='lat' dir='ltr'>esse</span> <span class='ocrx_word' id='word_1_308' title='bbox 1117 2479 1161 2518; x_wconf 91' lang='lat' dir='ltr'>et</span> <span class='ocrx_word' id='word_1_309' title='bbox 1199 2477 1444 2519; x_wconf 79' lang='lat' dir='ltr'>ferventem</span> <span class='ocrx_word' id='word_1_310' title='bbox 1483 2476 1819 2527; x_wconf 74' lang='lat' dir='ltr'>emulatricem0)</span> <span class='ocrx_word' id='word_1_311' title='bbox 1860 2476 1903 2515; x_wconf 92' lang='lat' dir='ltr'>et</span> <span class='ocrx_word' id='word_1_312' title='bbox 1943 2473 2030 2514; x_wconf 83' lang='lat' dir='ltr'>fide</span> 
     </span>
     <span class='ocr_line' id='line_1_40' title="bbox 240 2543 2029 2598; baseline -0.002 -11"><span class='ocrx_word' id='word_1_313' title='bbox 240 2547 445 2588; x_wconf 84' lang='lat' dir='ltr'>tenemus</span> <span class='ocrx_word' id='word_1_314' title='bbox 485 2547 737 2590; x_wconf 88' lang='lat' dir='ltr'>indubitata</span> <span class='ocrx_word' id='word_1_315' title='bbox 778 2548 961 2590; x_wconf 88' lang='lat' dir='ltr'>nimium</span> <span class='ocrx_word' id='word_1_316' title='bbox 1002 2550 1116 2591; x_wconf 87' lang='lat' dir='ltr'>forte</span> <span class='ocrx_word' id='word_1_317' title='bbox 1163 2547 1508 2590; x_wconf 85' lang='lat' dir='ltr'>affectionatam.</span> <span class='ocrx_word' id='word_1_318' title='bbox 1573 2548 1687 2588; x_wconf 87' lang='lat' dir='ltr'>Item</span> <span class='ocrx_word' id='word_1_319' title='bbox 1729 2546 1837 2587; x_wconf 88' lang='lat' dir='ltr'>satis</span> <span class='ocrx_word' id='word_1_320' title='bbox 1876 2543 2029 2598; x_wconf 91' lang='lat' dir='ltr'>displi-</span> 
     </span>
     <span class='ocr_line' id='line_1_41' title="bbox 241 2616 2028 2674; baseline -0.002 -15"><span class='ocrx_word' id='word_1_321' title='bbox 241 2618 392 2660; x_wconf 85' lang='lat' dir='ltr'>&#39;center</span> <span class='ocrx_word' id='word_1_322' title='bbox 432 2619 701 2672; x_wconf 84' lang='lat' dir='ltr'>accepimuS,</span> <span class='ocrx_word' id='word_1_323' title='bbox 747 2621 867 2674; x_wconf 85' lang='lat' dir='ltr'>quod</span> <span class='ocrx_word' id='word_1_324' title='bbox 907 2622 1062 2674; x_wconf 84' lang='lat' dir='ltr'>gentes</span> <span class='ocrx_word' id='word_1_325' title='bbox 1106 2621 1251 2662; x_wconf 88' lang='lat' dir='ltr'>vestre</span> <span class='ocrx_word' id='word_1_326' title='bbox 1289 2618 1535 2672; x_wconf 88' lang='lat' dir='ltr'>Anglicane</span> <span class='ocrx_word' id='word_1_327' title='bbox 1579 2619 1791 2660; x_wconf 75' lang='lat' dir='ltr'>facientes</span> <span class='ocrx_word' id='word_1_328' title='bbox 1834 2616 1949 2657; x_wconf 87' lang='lat' dir='ltr'>inter</span> <span class='ocrx_word' id='word_1_329' title='bbox 1982 2628 2028 2655; x_wconf 88' lang='lat' dir='ltr'>se</span> 
     </span>
    </p>
   </div>
   <div class='ocr_carea' id='block_1_8' title="bbox 171 2755 2029 3109">
    <p class='ocr_par' dir='ltr' id='par_1_9' title="bbox 172 2755 2029 2864">
     <span class='ocr_line' id='line_1_42' title="bbox 172 2755 2029 2808; baseline -0.002 -23"><span class='ocrx_word' id='word_1_330' title='bbox 172 2767 197 2808; x_wconf 83' lang='lat'><strong>3</strong></span> <span class='ocrx_word' id='word_1_331' title='bbox 202 2767 226 2808; x_wconf 81' lang='lat'>5</span> <span class='ocrx_word' id='word_1_332' title='bbox 359 2759 391 2792; x_wconf 79' lang='lat' dir='ltr'>a)</span> <span class='ocrx_word' id='word_1_333' title='bbox 410 2758 450 2787; x_wconf 86' lang='lat' dir='ltr'>So</span> <span class='ocrx_word' id='word_1_334' title='bbox 464 2760 544 2786; x_wconf 64' lang='grc' dir='ltr'><strong><em>εὐαέι</em></strong></span> <span class='ocrx_word' id='word_1_335' title='bbox 558 2759 613 2787; x_wconf 71' lang='lat' dir='ltr'>dee</span> <span class='ocrx_word' id='word_1_336' title='bbox 627 2759 774 2787; x_wconf 69' lang='lat' dir='ltr'>Plurala.</span> <span class='ocrx_word' id='word_1_337' title='bbox 794 2760 862 2787; x_wconf 76' lang='lat' dir='ltr'>Der</span> <span class='ocrx_word' id='word_1_338' title='bbox 874 2760 950 2788; x_wconf 61' lang='lat' dir='ltr'>Sata</span> <span class='ocrx_word' id='word_1_339' title='bbox 969 2760 1011 2788; x_wconf 75' lang='lat' dir='ltr'>iet</span> <span class='ocrx_word' id='word_1_340' title='bbox 1030 2760 1213 2794; x_wconf 64' lang='lat' dir='ltr'>sclawo-kaft</span> <span class='ocrx_word' id='word_1_341' title='bbox 1232 2759 1425 2787; x_wconf 71' lang='lat' dir='ltr'>konstruirt.</span> <span class='ocrx_word' id='word_1_342' title='bbox 1445 2759 1477 2793; x_wconf 85' lang='lat' dir='ltr'>b)</span> <span class='ocrx_word' id='word_1_343' title='bbox 1499 2758 1617 2786; x_wconf 80' lang='lat' dir='ltr'>Stobes</span> <span class='ocrx_word' id='word_1_344' title='bbox 1640 2759 1674 2784; x_wconf 89' lang='lat' dir='ltr'>B.</span> <span class='ocrx_word' id='word_1_345' title='bbox 1695 2758 1724 2791; x_wconf 91' lang='lat' dir='ltr'>c)</span> <span class='ocrx_word' id='word_1_346' title='bbox 1745 2755 1970 2784; x_wconf 86' lang='lat' dir='ltr'>emolatricem</span> <span class='ocrx_word' id='word_1_347' title='bbox 1992 2756 2029 2781; x_wconf 88' lang='lat' dir='ltr'>B.</span> 
     </span>
     <span class='ocr_line' id='line_1_43' title="bbox 364 2818 762 2864; baseline 0.005 -12"><span class='ocrx_word' id='word_1_348' title='bbox 364 2819 390 2862; x_wconf 85' lang='lat'>¹)</span> <span class='ocrx_word' id='word_1_349' title='bbox 420 2818 488 2852; x_wconf 81' lang='lat' dir='ltr'>Die</span> <span class='ocrx_word' id='word_1_350' title='bbox 515 2819 639 2853; x_wconf 83' lang='lat' dir='ltr'>cedula</span> <span class='ocrx_word' id='word_1_351' title='bbox 654 2819 762 2864; x_wconf 77' lang='lat' dir='ltr'>fehlt.</span> 
     </span>
    </p>

    <p class='ocr_par' dir='ltr' id='par_1_10' title="bbox 243 2873 2028 3042">
     <span class='ocr_line' id='line_1_44' title="bbox 361 2873 2026 2924; baseline -0.002 -13"><span class='ocrx_word' id='word_1_352' title='bbox 361 2878 390 2922; x_wconf 67' lang='lat'>2)</span> <span class='ocrx_word' id='word_1_353' title='bbox 414 2877 457 2912; x_wconf 81' lang='lat' dir='ltr'>In</span> <span class='ocrx_word' id='word_1_354' title='bbox 489 2878 588 2912; x_wconf 82' lang='lat' dir='ltr'>einer</span> <span class='ocrx_word' id='word_1_355' title='bbox 618 2878 730 2913; x_wconf 74' lang='lat' dir='ltr'>Reilze</span> <span class='ocrx_word' id='word_1_356' title='bbox 762 2891 831 2913; x_wconf 84' lang='lat' dir='ltr'>von·</span> <span class='ocrx_word' id='word_1_357' title='bbox 863 2879 1062 2914; x_wconf 67' lang='lat' dir='ltr'>Selereiben</span> <span class='ocrx_word' id='word_1_358' title='bbox 1099 2880 1162 2913; x_wconf 70' lang='lat' dir='ltr'>leat</span> <span class='ocrx_word' id='word_1_359' title='bbox 1193 2878 1397 2924; x_wconf 76' lang='lat' dir='ltr'>Siyismund</span> <span class='ocrx_word' id='word_1_360' title='bbox 1431 2878 1497 2912; x_wconf 78' lang='lat' dir='ltr'>(len</span> <span class='ocrx_word' id='word_1_361' title='bbox 1530 2877 1586 2911; x_wconf 85' lang='lat'>11.</span> <span class='ocrx_word' id='word_1_362' title='bbox 1619 2876 1818 2911; x_wconf 73' lang='lat' dir='ltr'>November</span> <span class='ocrx_word' id='word_1_363' title='bbox 1850 2873 1943 2908; x_wconf 77' lang='lat'><em>1412</em></span> <span class='ocrx_word' id='word_1_364' title='bbox 1974 2874 2026 2907; x_wconf 59' lang='lat' dir='ltr'>ala</span> 
     </span>
     <span class='ocr_line' id='line_1_45' title="bbox 243 2936 2028 2984; baseline -0.002 -13"><span class='ocrx_word' id='word_1_365' title='bbox 243 2937 364 2972; x_wconf 79' lang='lat' dir='ltr'>seinen</span> <span class='ocrx_word' id='word_1_366' title='bbox 393 2936 647 2983; x_wconf 73' lang='lat' dir='ltr'>Krb’nunystay</span> <span class='ocrx_word' id='word_1_367' title='bbox 684 2939 881 2984; x_wconf 71' lang='lat' dir='ltr'>anyezeiyt.</span> <span class='ocrx_word' id='word_1_368' title='bbox 937 2938 1188 2974; x_wconf 74' lang='lat' dir='ltr'>Thatsiz&#39;elzlich</span> <span class='ocrx_word' id='word_1_369' title='bbox 1225 2938 1273 2973; x_wconf 82' lang='lat' dir='ltr'>ist</span> <span class='ocrx_word' id='word_1_370' title='bbox 1315 2949 1354 2972; x_wconf 81' lang='lat' dir='ltr'>er</span> <span class='ocrx_word' id='word_1_371' title='bbox 1392 2937 1524 2983; x_wconf 73' lang='lat' dir='ltr'>yeradc</span> <span class='ocrx_word' id='word_1_372' title='bbox 1562 2937 1652 2970; x_wconf 75' lang='lat' dir='ltr'>zwei</span> <span class='ocrx_word' id='word_1_373' title='bbox 1681 2936 1791 2970; x_wconf 76' lang='lat' dir='ltr'>Jahre</span> <span class='ocrx_word' id='word_1_374' title='bbox 1829 2937 1951 2981; x_wconf 71' lang='lat' dir='ltr'>spiiter</span> <span class='ocrx_word' id='word_1_375' title='bbox 1983 2945 2028 2967; x_wconf 76' lang='lat' dir='ltr'>zu</span> 
     </span>
     <span class='ocr_line' id='line_1_46' title="bbox 246 2994 741 3042; baseline 0.002 -12"><span class='ocrx_word' id='word_1_376' title='bbox 246 2994 391 3030; x_wconf 77' lang='lat' dir='ltr'>Aachen</span> <span class='ocrx_word' id='word_1_377' title='bbox 412 2996 566 3042; x_wconf 75' lang='lat' dir='ltr'>qekrb&#39;nt</span> <span class='ocrx_word' id='word_1_378' title='bbox 586 2997 741 3032; x_wconf 84' lang='lat' dir='ltr'>worden.</span> 
     </span>
    </p>

    <p class='ocr_par' dir='ltr' id='par_1_11' title="bbox 171 3052 1656 3109">
     <span class='ocr_line' id='line_1_47' title="bbox 171 3052 1656 3109; baseline -0.001 -19"><span class='ocrx_word' id='word_1_379' title='bbox 171 3061 230 3109; x_wconf 75' lang='lat'>40</span> <span class='ocrx_word' id='word_1_380' title='bbox 363 3052 496 3102; x_wconf 73' lang='lat' dir='ltr'><strong><em>⁸)‘V9L</em></strong></span> <span class='ocrx_word' id='word_1_381' title='bbox 521 3055 646 3091; x_wconf 75' lang='lat' dir='ltr'>hierzu</span> <span class='ocrx_word' id='word_1_382' title='bbox 671 3055 760 3092; x_wconf 82' lang='lat' dir='ltr'>oben</span> <span class='ocrx_word' id='word_1_383' title='bbox 788 3054 828 3092; x_wconf 87' lang='lat' dir='ltr'>S.</span> <span class='ocrx_word' id='word_1_384' title='bbox 854 3055 900 3091; x_wconf 77' lang='lat'>14</span> <span class='ocrx_word' id='word_1_385' title='bbox 916 3056 952 3108; x_wconf 87' lang='lat' dir='ltr'>f.</span> <span class='ocrx_word' id='word_1_386' title='bbox 977 3057 1051 3092; x_wconf 81' lang='lat' dir='ltr'>und</span> <span class='ocrx_word' id='word_1_387' title='bbox 1072 3055 1242 3104; x_wconf 75' lang='lat' dir='ltr'>Palacky,</span> <span class='ocrx_word' id='word_1_388' title='bbox 1268 3052 1491 3090; x_wconf 70' lang='lat' dir='ltr'>Documenta</span> <span class='ocrx_word' id='word_1_389' title='bbox 1508 3067 1548 3102; x_wconf 79' lang='lat' dir='ltr'>p.</span> <span class='ocrx_word' id='word_1_390' title='bbox 1574 3052 1656 3097; x_wconf 77' lang='lat'>447,</span> 
     </span>
    </p>
   </div>
  </div>
 </body>
</html>
