2216 3432
2066 0 2216 135 v!

2126 129 2200 146 μιν

420 272 611 327 Septimo
643 268 771 311 ortari
803 279 899 307 eum
939 264 983 304 in
1016 260 1207 311 domino,
1246 257 1452 312 quatinus
1484 255 1590 298 velit
1628 254 1818 308 aperire,
1861 253 1895 294 si
1928 251 2036 306 quid

306 346 416 387 ultra
447 344 564 395 gesta
594 342 634 381 et
666 337 845 380 tractata
883 346 958 387 per
988 329 1259 373 sanctitatem
1293 341 1415 369 suam
1450 325 1620 369 noverit
1651 338 1730 379 per
1762 324 1902 377 ipsam
1935 334 2034 365 esse

305 413 562 460 faciendum,
594 408 706 461 quod
748 405 879 458 magis
916 402 1122 455 prodesse
1163 399 1289 451 putet
1331 397 1443 438 dicte
1475 394 1714 437 intencioni
1757 407 1834 435 sue
1871 393 2036 435 reinte-

305 482 523 536 gracionis,
547 477 702 532 quietis
733 478 775 516 et
807 470 1126 515 reformacionis
1159 468 1353 517 ecclesie,
1377 465 1483 519 quia
1515 466 1609 507 sine
1642 465 1789 514 dubi0,
1823 462 1859 504 si
1893 462 2036 504 racio-

306 551 547 598 nabiliores,
571 547 790 595 cerciores,
815 542 1008 596 apciores
1041 542 1082 581 ct
1105 538 1368 580 efficaciores
1396 534 1673 589 proposuerit
1696 535 1862 583 modos,
1886 533 2075 580 audiet5

306 622 487 662 libenter
517 619 612 658 illos
644 615 847 657 sanctitas
879 625 956 653 sua
993 613 1033 651 et
1069 609 1247 661 recipiet
1291 608 1502 659 tanquam
1542 619 1567 647 a
1601 605 1839 658 predilecto
1870 602 1961 646 filio
1993 604 2036 645 et

307 689 587 743 persequetur
621 687 662 726 et
694 685 847 725 nedum
880 682 933 722 ab
965 682 1059 733 ipso
1092 680 1156 719 set
1188 691 1211 718 a
1244 689 1508 730 quocunque
1539 676 1823 727 proponatur.

426 758 587 799 Octavo
619 754 755 806 quod,
787 752 821 793 si
856 751 955 793 dicti
987 748 1103 790 modi
1135 747 1399 789 videbuntur
1430 746 1561 796 tales,
1604 747 1649 785 ut
1682 743 1922 797 predicitur
1953 742 2038 785 fili-

309 828 444 870 acioni
474 839 563 876 sue,
596 824 737 876 ipsum
769 823 964 863 hortatur
995 819 1036 860 in
1073 818 1260 867 domino,v
1285 815 1492 869 quatinus
1524 815 1621 857 illos
1654 814 1757 855 velit
1789 826 1886 855 tum
1917 812 2036 855 omni

305 896 482 939 solercia
513 897 555 936 et
578 892 802 946 diligencia
824 903 1075 944 promovere
1099 890 1187 928 tam
1211 901 1307 928 cuin
1332 885 1639 927 obedientibus
1672 898 1748 926 sue
1786 884 2036 926 sanctitatis
2055 891 2109 932 10

304 979 429 1020 quam
460 978 555 1006 cum
579 962 767 1015 reliquis,
790 975 886 1002 cum
910 960 1066 1013 quibus
1090 971 1171 999 sua
1203 958 1422 1010 putaverit
1447 954 1658 996 discrecio
1683 955 1760 995 Dei
1785 954 1936 1007 previo
1960 954 2037 996 ad-

303 1035 455 1077 iutorio
478 1047 602 1087 posse
634 1032 675 1072 in
700 1033 922 1085 optentum
961 1028 1142 1082 predicti
1175 1028 1234 1080 pii
1268 1028 1310 1067 et
1333 1026 1564 1067 desiderati
1591 1025 1786 1066 intentus
1809 1024 2035 1078 proficere.

419 1105 540 1145 Nono
572 1103 685 1156 quod
722 1102 902 1142 libenter
943 1098 1236 1152 requisivisset
1276 1099 1317 1137 et
1363 1097 1622 1137 honorasset
1660 1095 1774 1137 circa
1815 1095 1897 1137 hoc
1936 1108 2037 1149 per-

308 1188 455 1218 sonam
485 1172 691 1214 carissimi
722 1171 796 1212 filii
830 1170 916 1221 sui,
960 1171 1167 1222 quantum
1201 1169 1265 1208 est
1299 1181 1348 1208 ex
1383 1166 1600 1208 desiderio
1633 1180 1735 1218 suo,
1768 1165 2036 1219 Sigismundi

308 1245 416 1296 regis
439 1245 517 1284 etc,
548 1241 725 1283 illustris
758 1243 799 1282 et
821 1241 1024 1293 precipue
1057 1240 1222 1279 attenta
1250 1237 1505 1287 fidelitat01)
1539 1239 1581 1277 et
1614 1237 1881 1285 constancia,
1905 1248 2036 1290 quam
2055 1243 2107 1285 15

309 1326 406 1366 erga
438 1311 728 1353 defensionem
766 1310 899 1351 felicis
941 1308 1253 1350 recordacionis
1289 1308 1452 1349 Urbani
1487 1308 1555 1348 VI.
1596 1306 1921 1361 predecessoris
1953 1307 2037 1358 sui,

307 1384 418 1424 clare
464 1382 688 1431 memorie,
734 1381 915 1422 Karolus
957 1382 1136 1432 quartus
1182 1379 1479 1419 Romanorum
1527 1379 1749 1430 quondam
1798 1378 2037 1432 imperator

308 1453 450 1505 gessit,
483 1452 635 1492 deinde
668 1451 927 1503 aliquamdiu
959 1449 1138 1490 illustris
1170 1462 1401 1501 germanus
1435 1461 1539 1489 suus
1572 1450 1615 1489 et
1658 1448 1751 1501 ipse
1785 1448 2033 1490 servencius

308 1522 440 1562 eciam
477 1523 574 1573 post
607 1534 817 1561 recessum
850 1521 950 1560 olim
988 1519 1271 1560 cardinalium
1310 1519 1364 1559 ab
1409 1519 1503 1571 ipso
1544 1519 1718 1559 domino
1751 1518 1961 1570 Gregorio
1993 1519 2037 1559 et

306 1591 448 1643 sepius
486 1591 655 1643 publice
698 1590 937 1630 defensavit
976 1589 1199 1630 veritatem
1240 1589 1378 1641 ipsius
1421 1588 1582 1629 domini
1618 1588 1862 1643 Gregorii‘2)
1907 1590 1951 1630 et
1990 1588 2036 1629 in
2051 1598 2107 1640 20

305 1661 490 1702 favorem
523 1660 615 1700 eius
639 1659 863 1711 diligenter
895 1662 935 1700 et
967 1659 1189 1712 magnifice
1222 1662 1426 1712 operatus
1459 1658 1541 1699 suit
1575 1659 1695 1700 iuxta
1729 1661 1912 1712 paterna
1944 1672 2037 1700 me-

304 1730 404 1780 1‘ita3
442 1730 505 1770 set
549 1743 597 1770 ex
636 1729 829 1781 pluribus
870 1730 1143 1783 comperitssj.
1184 1730 1236 1770 de
1270 1742 1355 1781 quo
1396 1729 1605 1770 sanctitas
1648 1743 1728 1771 sua
1777 1729 1962 1771 miratur
1994 1730 2038 1770 et

306 1800 438 1850 dolet,
470 1798 630 1839 scilicet
661 1802 839 1852 propter
871 1799 1005 1851 ipsius
1038 1800 1266 1851 presertim
1300 1800 1483 1840 salutem
1518 1802 1560 1840 et
1593 1813 1663 1851 ea,
1705 1813 1790 1853 que
1832 1800 2038 1852 poterant

305 1868 494 1909 conferre
532 1868 761 1909 christiane
804 1868 1018 1922 religioni,
1066 1883 1163 1910 eum
1208 1869 1251 1910 in
1299 1870 1446 1910 multis
1482 1870 1625 1911 favere
1666 1869 1914 1923 iniquitatis
1946 1869 2037 1911 filio

305 1937 535 1978 Baldasari.
603 1938 696 1978 Non
741 1940 880 1979 tamen
921 1953 945 1980 a
983 1939 1211 1980 sanctitate
1255 1953 1331 1980 sua
1370 1940 1526 1981 cecidit
1566 1939 1709 1981 cordis
1751 1954 1895 1991 amor,
1937 1939 2108 1992 licet25

307 2007 557 2048 remanserit
585 2009 625 2048 et
648 2007 848 2061 suspicio,
882 2009 1010 2059 unde,
1044 2011 1274 2061 antequam
1299 2010 1465 2063 aliquid
1497 2024 1596 2051 cum
1629 2025 1679 2052 eo
1707 2012 1897 2052 tractare
1919 2010 2037 2061 velit,

308 2077 491 2118 consulit
522 2077 789 2118 nobilitatem
820 2091 940 2118 suam
974 2080 1015 2119 et
1046 2081 1214 2120 ceteros
1254 2080 1295 2120 in
1331 2081 1525 2134 partibus
1558 2081 1643 2122 illis
1676 2095 1755 2123 sue
1788 2081 2038 2123 sanctitatis

306 2145 465 2195 fideles,
497 2146 596 2199 quia
628 2160 723 2187 cum
755 2161 901 2188 eorum
934 2149 1135 2192 consilio.
1174 2150 1226 2190 de
1261 2163 1443 2203 quorum
1477 2151 1688 2193 fidelitate
1721 2154 1764 2194 et
1797 2151 2040 2206 prudencia

307 2215 479 2256 confidit
517 2218 557 2256 et
589 2230 696 2270 quos
727 2220 852 2269 putat
884 2218 1034 2259 melius
1073 2219 1326 2262 informatos
1361 2222 1412 2262 de
1446 2221 1696 2264 intencione
1735 2222 1876 2276 ipsius
1910 2222 2038 2275 regis,

308 2298 434 2336 quam
475 2285 529 2325 sit
565 2286 766 2327 sanctitas
805 2301 881 2329 sua
914 2290 1148 2341 procedere
1181 2290 1370 2332 intendit
1412 2291 1525 2333 circa
1563 2293 1666 2343 hoc,
1715 2295 1757 2334 ct
1789 2293 1824 2334 si
1864 2293 2110 2344 videtur30

307 2353 514 2395 nobilitati
548 2368 622 2396 sue
654 2356 908 2409 investigare
949 2361 991 2399 et
1028 2360 1281 2412 perquirere
1322 2362 1373 2402 de
1415 2361 1664 2404 intencione
1699 2376 1778 2405 sua
1815 2364 1858 2405 et
1895 2363 2039 2404 adhuc

308 2422 537 2465 certificare
575 2438 638 2476 se,
678 2426 816 2479 placet
857 2430 899 2468 et
940 2441 1084 2470 carum
1124 2432 1189 2470 est
1232 2432 1456 2473 sanctitati
1496 2433 1637 2487 sue.3)
1698 2433 1883 2487 Insuper
1921 2434 1965 2474 et
2001 2432 2038 2474 si

306 159 359 202 80
706 162 731 197 Ι.
759 160 950 195 Abschnitt.
1000 152 1422 196 Unionsverhandlungen
1448 151 1502 185 bis
1530 150 1631 186 1413.

419 2574 449 2608 a)
467 2574 635 2608 comperiit,
653 2576 687 2601 Β.

422 2644 447 2686 ¹)
470 2643 556 2677 Eine
582 2645 734 2679 iilmliclee
763 2646 990 2693 Istyriimluny
1025 2651 1085 2684 wie
1121 2663 1153 2684 m
1184 2652 1247 2685 dar
1279 2652 1642 2697 Kwfirmationshulle
1679 2654 1910 2700 Siyiamunds.
1965 2653 2038 2700 Vyl.

310 2699 479 2734 Deutsche
504 2701 808 2748 Reichstaysalcten
845 2705 900 2739 Vll
923 2707 987 2740 ΝΤ.
1014 2707 1068 2741 12.
2053 2702 2108 2745 35
2208 2713 2216 2755 ’ς

423 2757 679 2805 ²)An8p1‘eluny
709 2763 773 2806 aus
803 2763 856 2797 die
889 2766 1121 2801 anscheinend
1143 2774 1249 2804 etwas
1285 2770 1511 2816 meeideutt'ye
1538 2770 1719 2817 SteHunq,
1755 2772 1811 2806 <lie
1838 2771 2042 2818 Siyismund
2212 2772 2216 2779 '

310 2813 393 2846 kurz
417 2815 502 2848 nacla
525 2817 597 2850 dem
612 2817 771 2853 Pisanum
787 2822 1035 2866 einyenommen
1059 2826 1170 2867 laatce5
1196 2827 1361 2862 weilai-end
1382 2829 1523 2875 (ἵν-ερον
1547 2829 1606 2863 ιἸιη
1630 2830 1684 2864 als
1710 2831 1830 2865 &einen
1847 2830 2040 2877 Aulaiinyer

311 2872 428 2914 ansala,
450 2873 687 2909 reklamierten
709 2877 766 2910 ilcn
790 2880 875 2913 auc-lt
899 2881 954 2915 die
979 2882 1128 2918 Pisaner
1143 2885 1211 2929 fiir
1235 2887 1321 2920 sich.

426 2930 452 2972 ⁸)
475 2930 562 2964 Hier
578 2932 683 2988 vie-ben
700 2936 788 2969 stelit
803 2949 855 2970 am
872 2939 991 2974 Raude
1008 2953 1073 2975 von
1094 2944 1358 2989 yleicltzeitiyer
1375 2945 1482 2980 Hand
1490 2961 1500 2980 .·
1526 2947 1619 2982 Nota
1635 2958 1742 2993 super
1759 2948 1824 2983 hoc
1840 2947 2041 2993 specialiter

313 2985 575 3022 deliberandum.
607 2981 695 3024 Uber
718 2994 781 3027 den
801 2995 992 3032 Charakter
1015 3000 1078 3033 der
1095 3001 1329 3048 Ilandscltrejft
1351 3005 1419 3049 vyl.
1437 3016 1514 3038 man
1531 3005 1586 3039 (lie
1605 3006 1808 3051 allyemee'ne
1826 3005 2038 3052 Eialeieunq.
2051 2995 2110 3038 40
