2216 3432
575 0 594 10 v..
599 0 636 20 ...ἓ

379 177 422 215 Β.
447 177 514 213 Die
538 176 601 212 der
625 176 767 212 Pariser
791 178 1009 215 Universitat
1033 181 1259 227 vorgelegten
1283 182 1542 228 Reformpl'ane.
1583 185 1685 221 1411.
1723 187 1784 222 Nr.
1811 188 1866 226 32.
1922 177 2003 220 147

233 288 383 329 amore
431 281 619 341 pecunie
665 285 807 340 ipsius
848 287 1048 330 vacantis
1096 289 1276 331 inutiles
1325 292 1507 345 possent
1550 291 1646 334 fieri
1690 293 2007 338 translaciones

232 358 508 413 prelatorum
547 357 643 399 sine
675 357 896 399 communi
938 359 982 400 et
1021 359 1198 413 publica
1230 360 1420 403 utilitate
1464 361 1511 403 in
1543 362 1836 415 preiudicium
1869 367 2007 408 eccle-

233 424 427 482 siarum,
449 428 566 470 sicut
597 428 771 470 solebat
802 427 947 470 facere
982 430 1141 471 Petrus
1175 431 1228 472 de
1262 431 1402 473 Luna.
1467 432 1518 473 In
1549 433 1840 486 preiudicium
1873 436 2009 478 eciam

233 500 357 554 regni
390 498 594 542 venirent
636 497 894 541 huiusmodi
935 501 1253 543 translaciones
1293 504 1478 558 propter
1523 516 1727 557 magnam
1769 507 1953 558 pecunie
1986 522 2011 550 a

193 572 371 625 5regno
403 570 503 624 ipso
537 569 858 612 sublacionem.

357 652 397 708 [ξ
429 652 503 708 47]
566 653 679 694 Item
712 656 1004 707 proponatur,
1039 656 1089 697 ut
1120 655 1167 696 in
1189 654 1374 697 concilio
1398 657 1591 708 generali
1623 661 1930 712 prosequatur,
1962 662 2013 702 ut

234 723 460 779 principes
493 724 717 766 seculares
750 726 1081 780 moneanturss),
1123 727 1172 767 ut
1215 725 1295 767 viri
1338 726 1627 769 ecclesiastici
1664 729 2012 773 iurisdictionem

236 797 492 838 exercentes
524 794 571 836 in
613 794 720 837 loeis
754 808 832 836 sue
865 795 1187 838 iurisdictionis
1225 810 1442 850 personas
1475 797 1559 839 sibi
1599 798 1800 841 subditas
1832 798 2012 855 permit-

236 869 336 910 tant
368 868 587 909 arrestare
620 868 663 908 et
696 866 949 908 carceribus
984 867 1249 921 mancipare,
1290 868 1327 909 si
1360 882 1488 910 casus
1522 868 1725 922 exigeret.
1789 871 1878 913 Iste
1911 873 2012 914 arti-

0 925 18 962 *
167 941 223 983 10
237 939 364 981 culus
396 951 477 992 per
510 937 743 980 ecclesiam
788 939 834 979 et
875 937 1210 981 universitatem
1251 938 1294 980 in
1340 939 1525 981 coneilio
1564 941 1757 993 generali
1795 944 2013 996 petendus

0 975 17 1141 ξ
237 1011 306 1052 est
331 1011 382 1059 ‘et
413 1009 769 1064 prosequendus.
825 1009 877 1050 In
900 1009 1087 1051 concilio
1111 1011 1455 1052 adinveniantur
1468 1008 1505 1066 1“)
1536 1012 1734 1053 raciones
1768 1014 1811 1054 et
1834 1014 2012 1068 colores,

237 1079 695 1136 quibus'huiusmodi
719 1079 945 1133 principes
978 1081 1130 1122 induci
1163 1082 1387 1135 poterunt,
1423 1095 1508 1135 que
1541 1083 1678 1123 multe
1710 1085 1812 1124 sunt
1845 1085 1887 1125 et
1919 1098 2014 1126 esse

0 1144 12 1197 i
236 1153 449 1208 poterunt
483 1165 537 1193 ex
569 1164 635 1203 ee,
670 1151 791 1204 quod
824 1150 909 1192 iuri
953 1151 1158 1194 videatur
1197 1166 1436 1194 consonare
1476 1166 1528 1194 ex
1560 1153 1666 1206 hoc,
1713 1155 1831 1207 quod
1862 1155 2014 1197 huius-

0 1202 15 1354 ἱ
239 1223 360 1266 modi
390 1235 581 1277 persone
614 1222 839 1264 iudicibus
873 1222 994 1264 laicis
1028 1237 1117 1264 non
1150 1225 1254 1265 sunt
1287 1223 1476 1265 subiecti
1509 1224 1575 1265 set
1607 1225 1925 1278 spiritualibus.

171 1309 223 1352 15
358 1306 397 1362 [ξ
428 1306 502 1361 48]
563 1305 675 1348 Item
723 1309 1017 1360 proponatur,
1068 1308 1115 1348 ut
1158 1321 1210 1348 ex
1250 1308 1377 1361 parte
1423 1306 1605 1348 ecclesie
1645 1308 1829 1350 Francie
1869 1322 2014 1351 coram

241 1379 422 1421 domino
456 1380 610 1419 nostro
643 1391 744 1431 rege
780 1379 824 1418 et
857 1377 954 1419 eius
987 1377 1171 1420 coneilio
1204 1379 1493 1432 proponatur,
1532 1380 1579 1419 ut
1612 1380 1816 1420 omnibus
1849 1382 1892 1421 et
1924 1380 2015 1422 sin-

240 1450 355 1505 gulis
392 1449 615 1491 iudicibus
655 1449 932 1490 secularibus
975 1462 1344 1502 quorumeunque
1391 1449 1669 1490 dominorum
1710 1451 2015 1504 temporalium

241 1521 310 1564 sui
347 1521 471 1575 regni
512 1521 556 1562 et
594 1519 841 1562 Delfinatus
884 1521 1065 1562 mandet
1106 1522 1150 1562 et
1193 1521 1274 1562 sub
1318 1519 1487 1574 magnis
1528 1520 1654 1574 penis
1692 1521 1927 1575 precipiat,
1970 1524 2016 1564 ut

243 1593 394 1635 nullus
429 1604 582 1634 eorum
626 1592 791 1633 audeat
823 1591 1059 1633 officiarios
1098 1591 1415 1633 iurisdictionis
1449 1591 1738 1645 spiritualis‘)
1779 1592 1823 1633 in
1865 1594 2014 1646 aliquo

171 1666 229 1708 20
243 1677 323 1706 suo
356 1665 458 1705 actu
489 1663 562 1705 vel
593 1661 709 1704 facto
742 1661 959 1716 impedire
983 1665 1048 1704 set
1072 1663 1223 1716 pocius
1247 1662 1459 1703 auxilium
1481 1664 1524 1703 et
1546 1662 1738 1704 favorem
1762 1664 1879 1704 dare.
1934 1663 2016 1704 Hic

245 1735 459 1777 articulus
493 1735 562 1775 est
593 1747 675 1787 per
708 1733 938 1775 eeclesiam
973 1736 1015 1775 et
1049 1733 1385 1775 universitatem
1424 1734 1760 1787 prosequendus
1799 1736 1843 1775 et
1874 1734 2016 1774 humi-

243 1807 346 1849 liter
378 1805 601 1860 petendus
634 1817 784 1846 coram
818 1818 918 1858 rege
953 1806 997 1846 et
1030 1819 1110 1846 suo
1143 1804 1328 1846 concilio
1362 1806 1405 1845 et
1438 1804 1623 1845 colorari
1656 1803 1829 1857 poterit,
1869 1806 2017 1845 osten-

249 1878 395 1930 dendo
443 1876 658 1930 pericula,
703 1876 865 1929 quibus
914 1876 1206 1930 impedientes
1250 1873 1346 1930 sed)
1393 1876 1638 1928 exponunt,
1687 1874 1846 1928 quibus
1879 1875 2018 1916 eciam

244 1947 500 1992 huiusmodi
533 1946 831 2001 impedientes
874 1960 962 1988 non
1005 1947 1241 2001 punientes
1286 1949 1353 1987 set
1391 1946 1697 2000 permittentes
1739 1947 1782 1986 et
1825 1945 2017 1986 infacto

174 2023 228 2064 25
246 2020 333 2061 isto
367 2018 698 2061 dissimulantes
732 2032 778 2059 se
812 2020 1052 2071 exponunt.
1119 2018 1203 2059 Hic
1243 2018 1380 2059 eciam
1413 2016 1587 2058 ridetur
1619 2030 1715 2057 esse
1747 2013 2019 2070 prosequen-

249 2091 332 2132 dus
365 2090 410 2131 in
444 2089 639 2144 generali
673 2089 858 2131 concilio
891 2102 971 2142 per
1004 2090 1235 2130 ecclesiam
1271 2091 1312 2129 et
1347 2087 1698 2138 universitatem,
1733 2088 1780 2127 ut
1812 2100 1863 2127 ex
1895 2088 2019 2140 parte

251 2174 369 2215 pape
403 2163 447 2203 et
479 2160 661 2202 ecclesie
693 2161 803 2214 ipsis
836 2159 1183 2213 impedientibus
1216 2159 1498 2210 rescribatur,
1533 2158 1650 2211 quod
1688 2158 1768 2198 sub
1802 2171 1916 2211 pena
1948 2171 2020 2197 ex-

248 2231 666 2274 communicacionis
699 2246 724 2273 a
757 2232 920 2273 talibus
954 2232 1141 2272 cessant.

378 2315 416 2369 [§
448 2315 521 2370 49]
594 2315 708 2356 Item
748 2314 793 2355 in
833 2315 1026 2368 generali
1067 2313 1251 2354 concilio
1293 2314 1599 2365 prosequatur,
1649 2312 1766 2364 quod
1807 2325 1858 2351 ex
1899 2312 2021 2363 parte

177 2391 234 2433 30
257 2398 373 2440 pape
406 2388 449 2428 et
482 2386 658 2428 concilii
691 2387 1000 2437 moneanturst)
1036 2383 1202 2426 domini
1236 2386 1279 2424 et
1309 2382 1468 2436 singuli
1489 2382 1713 2435 principes
1738 2383 1779 2422 et
1804 2381 2021 2421 seculares

250 2457 606 2499 iurisdietionem
659 2457 935 2511 spiritualem
987 2455 1280 2509 impedientes
1328 2455 1404 2495 aut
1449 2466 1736 2507 quoscunque
1789 2451 2021 2493 officiarios

251 2527 540 2582 apostolicos,
572 2529 684 2581 puta
717 2527 925 2573 notarios,
959 2527 1005 2568 in
1039 2526 1130 2567 suis
1164 2525 1355 2575 actibus,
1389 2525 1438 2565 ut
1469 2524 1647 2566 omnino
1680 2536 1705 2564 a
1735 2522 1895 2563 talibus
1929 2534 2022 2562 ces-

249 2599 384 2650 s'ent,‘
413 2599 692 2641 ostendendo
734 2598 956 2651 pericula,
997 2598 1158 2650 quibus
1200 2596 1303 2637 talia
1347 2594 1559 2636 facientes
1602 2607 1648 2634 se
1683 2593 1929 2646 exponunt,
1973 2603 2022 2631 ac

250 2683 403 2723 penaS,
437 2682 549 2723 quas
581 2669 680 2722 ipso
714 2669 810 2711 iure
843 2669 1090 2710 incurrunt..
1123 2713 1125 2716 ,
1163 2666 1245 2708 Hie.
1278 2665 1489 2707 articulus
1528 2665 1575 2706 in
1605 2663 1742 2717 priori
1775 2661 2022 2704 immediate

179 2748 235 2790 35
250 2740 643 2795 comprehenditur
677 2743 760 2782 etc.

371 2822 410 2878 [ξ
442 2822 514 2878 50]
563 2822 678 2864 Item
699 2836 779 2876 per
802 2821 1140 2864 universitatem
1163 2820 1452 2873 proponatur,
1478 2817 1595 2870 quod
1619 2816 1818 2869 exparte
1841 2812 2020 2855 ecclesie

251 2892 439 2936 Francie
479 2895 523 2935 et
563 2893 735 2947 prefate
773 2892 1077 2935 universitatis
1115 2903 1247 2944 super
1287 2890 1401 2931 facto
1448 2886 1607 2941 regalie
1654 2899 1798 2928 coram
1847 2883 2022 2926 domino

372 3082 404 3116 a)
433 3081 623 3110 moniantur
647 3082 685 3109 B.
733 3081 768 3116 b)
795 3079 1014 3108 adveniantur
1039 3080 1076 3105 B.
1126 3079 1154 3111 c)
1179 3074 1426 3104 iurisdictiones
1457 3071 1648 3107 spirituales
1674 3072 1710 3097 B.
1759 3069 1791 3104 d)
1817 3077 1852 3096 se
1881 3067 1961 3102 fehlt
1986 3067 2022 3093 B.

1655 3118 1742 3161 10*
