2216 3432
619 170 660 207 E.
702 171 840 207 Besuch
866 175 939 208 und
966 175 1172 223 Vertagung
1198 178 1259 212 des
1284 179 1442 217 Konzils.
1486 181 1547 218 Nr.
1572 183 1629 218 41.
1931 178 2010 218 167

357 275 444 319 Fol.
475 276 548 318 33.
611 279 837 323 Johannes
870 283 950 325 etc.
985 285 1227 327 venerabili
1260 287 1384 329 fratri
1409 288 1632 331 Ludouico
1670 290 1879 345 episcopo
1904 293 2011 336 Por-

233 348 422 403 tuensi1)
456 349 646 392 salutem
679 352 763 393 etc.
825 351 896 394 Ad
927 354 1120 408 regimen
1163 356 1424 400 universalis
1458 360 1642 402 ecclesie
1676 362 1757 402 etc.
1799 364 1846 403 ut
1878 376 2011 416 supra

232 422 279 464 in
309 421 385 464 illa
417 420 630 476 episcopo
664 422 997 477 Pampilonensi
1030 439 1172 480 usque
1204 427 1440 482 impleatur
1474 462 1482 471 .
1509 462 1516 471 .
1542 462 1551 471 .
1588 430 1683 481 Que
1706 431 1803 474 ideo
1826 432 2012 475 circum-

233 492 451 548 spectioni
481 494 558 536 tue
586 492 794 536 intimare
818 495 1107 550 decrevimus,
1140 499 1189 540 ut
1212 511 1345 553 super
1366 500 1594 553 premissis
1616 515 1763 544 rerum
1786 505 2008 556 gestarum

192 566 217 607 5
233 564 550 607 certitudinem
573 567 889 620 consequatur,
914 568 1198 611 exhortantes
1222 570 1408 612 eandem
1431 572 1869 626 circumspectionem
1892 575 2012 616 tuam

232 638 280 680 in
313 636 492 680 domino
533 650 584 679 ac
615 637 816 691 paternis
855 638 1088 681 affectibus
1121 641 1400 694 requirentes
1442 644 1486 685 et
1518 643 1827 685 nichilominus
1868 645 2011 686 eidem

232 722 312 764 per
345 707 588 763 apostolica
619 708 785 763 scripta
818 712 970 752 tenore
1002 711 1279 764 presentium
1312 713 1359 754 in
1387 713 1551 756 virtute
1584 716 1734 756 sancte
1757 715 2012 758 obediencie

236 793 287 822 ac
319 779 497 834 prestiti
530 779 771 822 iuramenti
802 780 1100 835 iniungentes,
1135 782 1343 837 quatinus
1375 784 1423 826 in
1455 785 1801 827 sublevationem
1830 800 2013 828 onerum

233 850 398 894 nostris
431 851 632 894 humeris
665 852 1025 895 incumbencium
1059 854 1104 895 et
1137 854 1192 896 ad
1225 854 1525 898 assistendum
1558 857 1686 898 nobis
1719 857 1834 898 circa
1857 870 2014 910 coope-

166 923 219 965 10
234 922 459 966 racionem
481 922 721 966 ministerii
745 923 984 977 pastoralis
1008 923 1142 966 officii
1165 925 1211 966 in
1235 927 1325 967 tam
1351 927 1532 969 salutari
1554 927 1670 969 bono
1693 928 2013 981 transquillita-

233 995 325 1037 tem
347 993 662 1036 universorum
686 994 849 1036 Christi
867 993 1069 1037 fidelium
1087 999 1383 1039 concernente
1400 998 1571 1052 prefata
1587 1001 1664 1040 tua
1682 998 2013 1053 circumspectio

234 1064 345 1108 velit
378 1067 422 1108 et
455 1066 616 1108 debeat
648 1066 896 1108 constituto
929 1067 1131 1121 tempore
1165 1068 1220 1109 ad
1253 1069 1504 1121 predictum
1537 1069 1772 1111 concilium
1803 1083 2015 1124 persona-

233 1137 336 1179 liter
358 1150 406 1179 se
433 1137 676 1179 transferre
700 1150 750 1179 ac
773 1138 986 1191 prelatos,
1010 1137 1195 1190 nobiles,
1229 1139 1540 1182 universitates
1563 1142 1606 1182 et
1627 1140 1816 1194 reliquos
1842 1140 2014 1182 illarum

243 1209 443 1263 parcium
477 1209 621 1250 modis
644 1208 850 1250 omnibus
874 1208 1079 1260 excitare⁷
1113 1211 1174 1261 ut,
1208 1211 1284 1264 qui
1307 1211 1527 1264 tenentur,
1560 1212 1682 1253 nulla
1704 1212 1873 1253 ratione
1896 1212 2016 1265 post-

164 1279 215 1322 15
242 1282 427 1336 ponant,
460 1280 595 1322 ceteri
626 1293 731 1323 vero
764 1280 961 1322 animum
993 1280 1208 1323 inclinent
1240 1294 1369 1324 suum
1402 1283 1458 1324 ad
1486 1283 1722 1324 adventum
1752 1282 2016 1334 huiusmodi,

239 1353 372 1408 prout
420 1352 626 1406 cupimus
670 1353 713 1394 et
761 1352 1058 1408 aspiramusa)
1104 1366 1183 1407 pro
1230 1353 1551 1396 reformacione
1598 1356 1740 1396 status
1789 1352 2014 1395 militantis

239 1423 424 1467 ecclesie
457 1425 721 1466 cunctorum
759 1424 915 1466 matris
960 1427 1005 1467 et
1037 1424 1244 1479 magistre
1276 1424 1475 1467 fidelium
1508 1425 1639 1479 atque
1671 1438 1792 1478 pace.
1855 1425 2013 1466 Datum

238 1497 381 1539 Rome
413 1495 535 1550 apud
568 1508 601 1537 s.
637 1496 823 1537 Petrum
855 1497 904 1538 V.
939 1509 1080 1539 nonas
1113 1495 1263 1538 Marcii
1295 1509 1338 1549 p.
1372 1509 1413 1537 n.
1448 1510 1485 1538 a.
1519 1496 1662 1538 tertio.

351 1580 577 1623 Johannes
612 1613 620 1622 .
657 1611 666 1620 .
702 1611 710 1621 .
746 1578 906 1621 dilecto
939 1578 1029 1622 filio
1062 1578 1214 1633 Egidio
1256 1580 1406 1621 sancte
1439 1580 1640 1621 Romane
1678 1578 1858 1620 ecclesie
1890 1591 2013 1632 pres-

159 1652 215 1695 20
232 1652 387 1706 bytero
420 1649 636 1694 cardinali
670 1650 1061 1707 Constanciensi2)
1094 1652 1353 1704 nuncupato
1377 1650 1567 1692 salutem
1590 1651 1671 1692 etc.
1725 1649 1795 1690 Ad
1818 1648 2011 1702 regimen

231 1722 495 1766 universalis
527 1722 716 1765 ecclesie
750 1724 835 1765 etc.
870 1724 919 1764 ut
950 1722 996 1764 in
1030 1722 1303 1776 precedenti.

231 1888 303 1934 41.
365 1888 560 1931 Antwort
591 1889 662 1941 des
694 1888 854 1931 Rathes
886 1889 959 1931 der
992 1887 1195 1944 Republik
1233 1886 1410 1943 Veneclz'y
1449 1886 1529 1938 auf
1555 1887 1619 1927 die
1650 1885 1909 1940 Mittlceilunfs
1940 1884 2009 1925 cles

226 1960 466 2003 Kardinals
497 1961 621 2004 Peter
653 1977 729 2003 von
761 1961 881 2010 Ailli,
923 1961 1023 2002 dass
1054 1960 1222 2002 johann
1253 1958 1428 2000 XXIII.
1462 1960 1527 2000 ein
1558 1957 1707 1999 Konzil
1736 1972 1827 1997 zum
1860 1955 1896 1998 1.
1929 1955 2012 1996 De-

380 2033 540 2076 cember
569 2033 679 2075 nach
709 2033 901 2090 Boloyna
932 2048 983 2074 zu
1016 2032 1187 2088 berufen
1218 2031 1493 2086 beabsiclztiqt.
1559 2028 1673 2069 1413
1703 2028 1807 2068 Jum‘
1834 2026 1874 2067 9.

160 2130 215 2171 25
302 2127 379 2163 Aus
408 2127 661 2163 Staatsarclziv
694 2127 859 2173 Venedz'y,
888 2126 1160 2161 Deliberaziomf
1184 2126 1243 2160 del
1268 2125 1399 2159 Senato
1433 2124 1543 2170 Vsol.
1571 2123 1684 2160 13522

351 2236 408 2279 Et
438 2237 583 2291 primo
616 2237 672 2279 ad
703 2237 895 2291 primam
926 2236 1101 2290 partem
1134 2266 1142 2275 .
1179 2266 1187 2275 .
1223 2266 1231 2275 .
1266 2246 1346 2288 pro
1378 2234 1495 2275 bono
1527 2229 1790 2273 universalis
1829 2227 2010 2270 ecclesie

232 2310 277 2351 et
323 2309 444 2362 quod
490 2310 679 2363 propter
727 2321 884 2350 causas
937 2320 1017 2361 per
1064 2304 1479 2348 reverendissimam
1530 2302 1840 2357 paternitatem
1888 2311 2010 2340 suam

233 2378 458 2434 sapienter
491 2379 714 2434 expositas
748 2391 949 2421 summus
981 2377 1180 2432 pontifex
1212 2375 1467 2419 terminavit
1499 2376 1544 2416 et
1573 2371 1831 2415 deliberavit
1853 2383 2008 2412 secun-

0 2430 26 2491 E
233 2451 340 2493 dum
380 2450 740 2493 terminationem
777 2450 940 2492 factam
981 2448 1027 2490 in
1061 2448 1176 2491 Pisis
1209 2460 1291 2501 per
1322 2445 1557 2489 concilium
1595 2446 1701 2486 tunc
1740 2442 1800 2484 ibi
1834 2454 2010 2493 congre-

161 2629 218 2672 30
351 2628 383 2663 a)
403 2634 598 2663 asperamus
618 2628 692 2663 Ray.

354 2701 382 2745 ¹)
407 2699 564 2747 Ludwiy,
600 2699 700 2734 Sohn
731 2699 792 2734 des
819 2698 984 2744 Herzoys
1017 2697 1156 2731 Robert
1178 2707 1246 2730 von
1271 2695 1359 2737 Bar,
1399 2692 1626 2728 VerwamIter
1657 2691 1717 2725 des
1734 2687 2011 2735 srmaeii.s·isclwn

231 2759 512 2806 Kb'niqshauses‚
537 2771 607 2794 von
631 2758 807 2794 Benedikt
830 2757 932 2793 XIII.
957 2769 1035 2791 zum
1060 2754 1378 2796 Kardinaldiakon‚
1419 2753 1509 2786 nacla
1550 2751 1677 2785 seinem
1716 2747 1911 2784 Uahertritt
1943 2756 2008 2779 :ur

232 2819 457 2854 konziliaren
481 2819 608 2854 Partei
632 2831 701 2854 von
727 2818 934 2853 Alexander
965 2816 1000 2851 V.
1026 2828 1104 2850 zum
1130 2813 1471 2859 Ii'arclinalpriestem
1504 2822 1572 2844 von
1597 2810 1733 2843 Joleann
1759 2805 1893 2841 XXIII.
1930 2815 2007 2837 :am

233 2877 555 2924 Kardinalbischof
574 2889 644 2912 von
668 2877 778 2912 Porto
807 2881 968 2919 ernannt,
993 2887 1070 2909 war
1094 2875 1131 2909 in
1156 2871 1390 2908 Frank-reich.

163 2945 218 2988 35
355 2950 382 2995 ²)
406 2949 579 2996 Aeffl'dius
614 2949 656 2984 (Ie
692 2948 832 2995 Campis
866 2947 999 2992 (Gilles
1033 2945 1284 2991 Dese-hamps),
1322 2942 1475 2980 Biscleof'
1499 2952 1567 2975 von
1602 2938 1813 2979 Coutances,
1850 2946 1915 2968 von
1946 2933 2004 2965 Jo-

234 3009 328 3044 kann
352 3009 489 3044 XXIII.
516 3021 570 3044 am
596 3009 630 3043 6.
647 3008 734 3043 June·
758 3007 849 3042 1411
876 3018 955 3041 zum
977 3005 1310 3051 Kardinalpriester
1336 3006 1494 3043 eructant,
1521 2999 1637 3034 erleiilt
1660 2997 1783 3031 hainen
1806 2994 1905 3036 Tim,
1930 2992 2010 3026 weil

234 3079 275 3104 er
298 3069 399 3104 nicht
420 3068 511 3104 nach
536 3068 627 3103 Rom
651 3067 787 3111 kommt,
814 3066 922 3102 stirbt
945 3064 1049 3100 1413.
