2216 3432
254 197 307 236 54
640 193 665 228 Ι.
692 187 885 224 Abschnitt,
947 175 1365 218 Unionsverhandlungen
1390 171 1444 204 bis
1472 169 1572 203 1413.

260 311 326 352 est
356 305 578 360 agendum,
623 296 782 352 petitur
813 288 1051 344 superiusa)
1099 280 1336 335 capitulum
1367 279 1590 328 tamquam
1622 284 1793 349 summe
1827 282 1979 311 neces-

262 379 418 423 sarium
450 375 501 416 ad
532 372 675 413 futura
705 361 917 410 seandala,
960 356 1170 410 quantum
1201 351 1245 391 in
1276 347 1525 390 hominibus
1558 345 1638 394 est,
1672 340 1978 394 extlnguenda.

374 447 436 488 Ac
480 442 578 484 licet
616 439 698 479 ista
741 429 977 486 appareant
1023 422 1316 468 deal-ticulata,
1364 419 1577 470 quantum
1611 412 1887 455 necessitudo
1918 410 1982 453 vi-

264 520 386 562 detur
417 512 633 567 appetere,
665 503 866 558 quoniam
897 501 1041 539 tamen
1072 493 1207 535 multa
1238 489 1370 532 dubia
1401 487 1582 541 possent
1613 484 1718 525 oriri
1741 483 1856 524 circa
1878 494 1981 535 pro-

263 588 416 643 posita,
449 597 499 625 ex
528 579 678 634 quibus
710 570 1008 615 contenciones
1042 577 1124 606 non
1158 561 1322 603 modice
1355 561 1396 599 et
1429 556 1741 610 impedimenta
1774 565 1984 606 exurgere
2029 552 2053 593 5

264 657 452 712 possent,
483 650 685 705 precipue
717 638 984 695 experieucia
1015 634 1194 676 (loc-ente
1227 629 1515 684 quorundam,
1564 627 1618 667 ad
1659 639 1770 678 quos
1805 623 1908 664 unio
1941 625 1985 664 et

267 721 544 776 reintegracio
575 718 767 770 spectare
799 704 1064 763 opinamur>
1091 705 1168 753 est,
1202 700 1420 742 inentibus
1452 698 1506 738 ab
1540 697 1723 738 aliorum
1758 695 1985 736 voluntate

269 797 388 839 valde
420 789 690 836 distantibus,
723 783 978 835 oportunum
1011 776 1176 817 videtur
1214 786 1261 813 ac
1301 770 1435 811 eciam
1468 768 1583 808 circa
1617 767 1794 807 modum
1827 778 1986 806 conve-

268 864 414 908 niendi
445 858 629 907 insimul,
675 851 931 908 principales
964 848 997 888 si
1029 847 1179 888 adesse
1212 841 1517 886 deliberarent,
1558 852 1636 878 nec
1670 849 1757 877 non
1791 836 1844 876 de
1878 835 1987 883 loco,

270 939 460 988 tempore
492 932 530 970 et
563 925 804 972 securitate7
837 917 1169 968 necessarium‘)
1202 914 1379 967 propter
1416 909 1701 951 obtinendum
1742 906 1912 947 intenta
1944 907 1989 947 et
2009 907 2061 946 10

271 1019 323 1047 ne
368 1002 569 1044 tractatus
612 1007 743 1048 prope
788 992 915 1032 finem
963 988 1171 1029 deductus
1205 997 1281 1037 pro
1306 982 1484 1023 minimo
1508 979 1704 1019 irritetur
1737 979 1811 1018 aut
1845 976 1989 1018 inanis

272 1074 475 1121 transeat,
507 1068 642 1110 media
676 1062 845 1117 apponi,
893 1060 1049 1112 quibus
1083 1054 1323 1096 huiusmodi
1356 1050 1680 1101 einergenliluis
1714 1047 1859 1090 dubiis
1891 1047 1991 1089 linis

273 1143 498 1197 prebeatur
530 1139 571 1179 et
602 1134 824 1189 pacificum
856 1130 1134 1183 quietumque
1166 1124 1405 1165 sileneiuin.

388 1210 562 1252 Duobus
595 1216 764 1258 quoque
811 1201 946 1242 modis
993 1199 1070 1238 lioc
1112 1195 1292 1236 celerius
1325 1195 1367 1233 et
1401 1192 1554 1232 melius
1588 1190 1681 1231 fieri
1717 1203 1844 1243 posse
1877 1189 1992 1242 cogi-

274 1284 407 1324 tatum
440 1280 516 1320 est.
578 1275 745 1316 Primus
793 1271 903 1312 enim
937 1271 1013 1310 est.
1062 1267 1174 1320 quod
1212 1264 1391 1317 quilibet
1425 1262 1640 1303 (lictorum
1675 1260 1823 1311 trium,
1859 1260 2063 1300 unus-15

276 1352 456 1405 quisque
486 1345 680 1388 videlicet
712 1356 789 1395 pro
835 1342 956 1394 parte
1004 1352 1093 1384 sua,
1127 1336 1253 1386 eligat
1286 1336 1591 1387 procuratores
1631 1332 1823 1384 ydoneos
1859 1343 1993 1371 unum

275 1421 342 1462 vel
375 1420 480 1460 duos
526 1416 578 1456 acl
622 1415 717 1467 plus
764 1414 804 1452 et
837 1410 1067 1461 unicuique
1100 1407 1266 1449 illorum
1302 1405 1463 1445 tribuat
1495 1401 1920 1444 sufficientissimum
1953 1402 1996 1441 et

276 1487 568 1543 plenissimum
590 1482 926 1536 procuratorium
960 1481 1002 1519 et
1034 1479 1282 1519 mandalum
1308 1474 1589 1515 irrevocabile
1615 1473 1852 1513 validatum
1876 1471 1994 1512 omni

277 1559 425 1599 robore
457 1555 561 1596 iuris
593 1551 800 1606 possibili,
847 1563 922 1602 per
971 1549 1086 1600 quod
1118 1548 1286 1601 possint
1318 1545 1493 1586 insimul
1527 1544 1774 1592 convenire,
1809 1544 1997 1584 tractare

279 1629 319 1668 et
336 1626 584 1668 concludere
602 1624 653 1664 de
679 1622 816 1667 modo,
848 1621 938 1660 loco
962 1622 1001 1659 et
1024 1621 1216 1670 tempore
1242 1620 1282 1657 et
1301 1615 1548 1664 securitate,
1574 1614 1736 1667 quibus
1763 1612 1998 1654 concilium
2014 1614 2069 1653 20

279 1696 529 1744 universale,
561 1694 607 1733 ut
629 1705 755 1744 supra
781 1690 1041 1733 dictumest,
1075 1689 1213 1729 valeat
1246 1687 1409 1740 equius,
1444 1683 1713 1739 colnodius'¹)
1746 1686 1788 1725 et
1812 1682 1999 1731 tucius⁰)

280 1764 533 1817 congregari,
566 1763 741 1814 insuper
773 1763 815 1802 et
847 1761 1105 1814 principales
1125 1772 1263 1812 perse
1297 1758 1412 1810 ipsos·
1445 1770 1522 1797 seu
1557 1769 1634 1808 per
1668 1755 1863 1809 ipsorum
1899 1766 2001 1807 pro-

280 1837 492 1877 curatores
524 1833 714 1886 predicto
746 1831 923 1873 concilio
955 1831 1175 1881 interesse,
1209 1829 1243 1868 si
1279 1828 1505 1869 mlum-rint.

394 1906 537 1946 Iurent
569 1904 755 1944 ceterum
788 1901 968 1955 predicti
1005 1900 1127 1941 electi
1160 1913 1236 1952 per
1270 1899 1491 1951 ΙεοΙυιιιριιυ
1526 1897 1836 1946 iuramentum,
1884 1895 2004 1949 quod

281 1988 356 2029 per
401 1987 472 2015 eos
517 1986 594 2014 nec
625 1985 699 2025 per
731 1973 915 2024 aliquem
948 1971 1141 2023 ipsorum
1173 1971 1305 2011 stabit
1339 1982 1479 2022 neque
1513 1968 1700 2020 deficiet,
1748 1967 1866 2021 quod
1917 1978 2004 2007 non
2019 1966 2073 2007 25

283 2044 534 2086 conveniant
579 2057 673 2084 cum
719 2042 809 2083 aliis
857 2056 880 2083 a
918 2042 1072 2082 ceteris
1105 2041 1250 2082 electis
1284 2041 1392 2081 infra
1426 2043 1599 2093 tenipus
1633 2051 1890 2090 congruum.
1952 2036 2007 2077 Et

284 2114 384 2167 quia
413 2114 520 2154 inter
550 2113 652 2154 istos
685 2114 735 2153 de
758 2113 1050 2154 conveniendo
1081 2112 1252 2152 insimul
1276 2113 1423 2164 posset
1458 2111 1600 2151 adhuc
1633 2109 1739 2151 oriri
1762 2108 2007 2154 contencio,

285 2184 337 2224 ad
366 2184 598 2224 tollendum
630 2196 796 2224 omnem
829 2183 940 2223 viam
973 2182 1237 2235 subterfugii„
1272 2181 1496 2223 (lilaciouis
1529 2183 1571 2222 et
1604 2180 1853 2234 calumpnie
1884 2180 2009 2219 tene-

286 2254 409 2294 antur
440 2252 561 2294 electi
591 2267 668 2306 pro
699 2255 819 2305 parte
852 2250 1234 2306 uniuscuiusque‘)
1266 2252 1361 2293 aliis
1386 2267 1435 2292 ex
1460 2253 1584 2304 parte
1607 2252 1795 2292 aliorum
1819 2248 2009 2302 clectisss)

288 2324 368 2363 duo
400 2323 490 2364 loca
520 2336 753 2375 proponere
786 2326 829 2364 et
860 2324 914 2363 ad
946 2324 1079 2373 illum,
1113 2324 1166 2363 ad
1200 2337 1329 2375 quem
1364 2323 1447 2363 (lue
1494 2324 1642 2376 partes
1677 2322 1874 2375 ipsorum
1907 2333 2010 2361 con—
2025 2320 2082 2360 30

289 2393 532 2443 cordabunt,
564 2394 800 2434 convenire.
839 2394 1028 2446 Tempus
1060 2396 1200 2434 autem
1221 2407 1458 2447 congruum
1480 2391 1768 2435 conveniendi
1790 2390 2012 2445 predictos

287 2461 330 2502 in
361 2476 492 2503 unuin
521 2463 690 2504 videtur
737 2465 918 2515 quatuor
966 2464 1192 2516 mensium,
1235 2467 1467 2518 postquam
1502 2463 1629 2505 electi
1661 2462 1841 2512 fuerint,
1880 2460 2012 2514 quod,
2045 2454 2048 2459 ¹

289 2531 323 2571 si
353 2544 428 2584 per
458 2532 641 2584 aliquem
688 2534 919 2575 electorum
967 2535 1150 2581 steterit,
1203 2536 1437 2587 quominus
1486 2535 1686 2588 predicta
1732 2532 2012 2586 impleantur,

289 2600 420 2653 possit
459 2602 554 2643 talis
600 2603 650 2644 de
695 2603 795 2644 fidei
825 2603 1030 2646 fractione
1063 2607 1104 2646 et
1136 2605 1313 2646 infamia
1345 2606 1400 2647 ab
1433 2605 1636 2647 omnibus
1670 2603 1812 2645 notari
1844 2603 2013 2655 absque

290 2683 352 2721 eo,
384 2672 495 2723 quod
526 2673 840 2714 absolucionem
871 2676 988 2727 petat
1037 2689 1115 2716 nec
1162 2675 1409 2728 aliqualiter
1442 2689 1537 2717 cum
1572 2689 1622 2717 eo
1656 2673 1903 2728 dispensari
1935 2683 2015 2714 nec
2029 2671 2084 2714 35

291 2739 499 2792 lineatim,
530 2755 607 2795 per
637 2756 764 2796 quem
781 2745 949 2785 steterit
972 2746 1024 2785 de
1048 2749 1150 2787 nota
1171 2745 1273 2786 fidei
1296 2747 1520 2787 fractionis
1543 2748 1585 2787 et
1608 2744 1799 2796 infamie⁷
1822 2743 2016 2797 aliquam

294 2810 612 2852 excusacionem
643 2813 792 2866 facere,
825 2815 907 2855 nisi
939 2816 1104 2857 notorie
1136 2816 1394 2858 canonicum
1427 2816 1600 2858 affuerit
1631 2815 2014 2870 impedimentum.

406 2983 436 3017 a)
454 2984 588 3012 Ulterius
608 2986 635 3013 Ο·
671 2987 703 3020 b)
723 2988 828 3022 ΟΡΡῙΠ·
848 2991 883 3016 Β·
938 2990 965 3025 0)
987 2991 1036 3017 set
1055 2998 1122 3018 nec.
1143 2992 1177 3018 B.
1238 2991 1269 3024 d)
1291 2991 1492 3019 commodius
1513 2991 1542 3018 Ο.
1602 2991 1631 3027 o)
1653 2989 1755 3018 cicius
1776 2991 1805 3019 0,
1859 2989 1887 3023 f)
1906 2987 2020 3019 unius·

297 3034 427 3065 cumque
446 3031 480 3058 Β.
549 3032 579 3068 g)
598 3033 681 3061 Fehlt
701 3034 729 3062 0.
