2216 3432
284 171 300 184 ⁸
432 228 434 230 ,
459 207 498 248 0⁸
521 180 719 254 1541.th
743 186 881 256 afegof
903 209 988 247 ΧΠ.
1011 209 1087 245 und
1111 203 1289 246 Benedik't-
1307 209 1414 248 xm.
1443 199 1688 249 1410-1413.
1717 211 1780 247 Νι.
1806 212 1839 250 5.
1986 203 2043 246 35

238 322 344 363 'sue
374 316 701 373 assumpcionis
739 318 796 361 ad
825 318 1040 373 papatum
1079 317 1290 362 obtulerit
1318 318 1438 362 viam
1475 318 1672 373 iusticie,
1712 321 1762 362 ut
1794 320 1969 373 debuit,
2003 321 2048 364 et

261 389 386 443 alias,
418 402 499 444 per
521 401 633 444 quas
654 402 759 432 vera
790 389 897 431 unio
930 388 1089 432 inDei
1122 389 1310 433 ecclesia
1331 391 1584 444 haberetur,
1619 391 1908 445 detractores,
1941 393 2048 446 quia

260 475 351 504 non
383 461 616 512 concessit,
648 461 700 503 ut
731 461 959 515 petebant,
993 459 1161 502 scilicet
1194 461 1401 504 omnibus
1432 461 1531 503 aliis
1562 461 1647 504 viis
1680 462 1883 515 exclusis,
1920 463 2047 506 sicud

261 546 317 576 ne
358 532 632 575 excludende
669 531 854 584 fuerint,
894 533 1206 587 peroptantem
1238 533 1424 575 ecclesie
1462 532 1690 586 unionem,
1731 533 1881 588 ipsum
1919 533 2047 576 diffa-

218 603 454 653 5marunt,
488 604 609 658 quod
629 604 747 646 viam
770 602 986 646 cessionis
1019 604 1330 658 denegaverat,
1365 604 1486 658 quod
1515 604 1689 646 notorie
1711 606 1837 658 patet
1869 605 2043 660 falsum,

260 674 365 730 quia
396 688 550 718 omnes
581 675 677 717 vias
709 674 951 727 offerendo,
985 687 1065 728 per
1086 688 1198 729 quas
1231 674 1350 716 uniri
1383 675 1536 728 posset
1567 675 1766 728 ecclesia,
1799 689 1904 718 vere
1925 677 2043 719 viam

259 747 482 789 obtulerat
529 746 744 789 cessionis
783 746 866 788 sub
904 746 983 788 tali
1031 746 1343 800 generalitate,
1392 747 1517 789 sicud
1560 748 1751 800 protunc
1799 748 2043 802 expediens

257 818 508 860 videbatur.
570 817 744 860 Deinde
791 830 893 859 cum
940 817 1184 872 requisitus
1232 818 1499 872 expresserit
1547 818 1600 860 de
1646 817 1719 860 v'ia
1766 818 2044 875 cessionis²)‚

258 889 341 932 fuit
371 902 452 943 per
483 888 760 932 adversarios
793 889 983 931 maxime
1015 889 1062 930 in
1094 888 1257 943 Anglia
1288 890 1331 931 et
1353 888 1589 932 Alamania
1622 888 1889 943 diffamatus,
1923 891 2045 945 quod

189 960 313 1003 lOde
351 960 445 1002 iure
484 974 564 1002 suo
613 959 820 1003 diffidens
866 961 982 1003 hanc
1028 960 1147 1003 viam
1194 960 1408 1002 cessionis
1456 961 1674 1014 elegerat,
1723 961 1844 1015 quod
1882 960 2042 1003 falsum

257 1032 491 1075 manifeste
525 1032 816 1085 convincitur,
839 1023 955 1086 'quia
986 1032 1106 1075 viam
1136 1032 1333 1085 iusticie,
1368 1045 1503 1086 quam
1535 1031 1582 1073 in
1613 1031 1834 1087 principio
1868 1033 2043 1086 obtulit,

256 1105 412 1158 postea
443 1116 535 1145 non
567 1103 767 1146 exclusit.

377 1175 445 1232 [5]
509 1176 722 1218 Preterea
755 1176 877 1230 apud
907 1175 1151 1218 Massiliam
1183 1188 1264 1229 per
1295 1174 1475 1217 nuntios
1498 1174 1659 1229 Angeli
1682 1175 1889 1218 Corrario
1922 1177 2044 1230 apud

257 1260 360 1289 suos
379 1246 579 1301 Gregorii
602 1247 833 1300 nominati,
853 1261 954 1289 cum
976 1247 1199 1293 viderunt,
1219 1247 1341 1301 quod
1359 1247 1504 1289 dictus
1523 1247 1730 1289 dominus
1754 1249 1908 1290 noster
1924 1261 2044 1302 papa

188 1316 240 1359 15
255 1318 541 1371 Benedictus,
574 1332 707 1372 quem
740 1320 995 1373 sperabant,
1029 1320 1144 1361 sicut
1175 1332 1256 1374 per
1290 1319 1460 1361 emulos
1494 1317 1558 1359 eis
1592 1319 1847 1372 suggestum
1878 1319 2038 1373 fuerat,

0 1381 23 1441 ἒ
255 1390 373 1432 viam
405 1389 617 1432 cessionis
651 1390 996 1445 denegaturum,
1036 1392 1157 1445 quod
1189 1403 1287 1432 eam
1327 1391 1464 1432 libere
1498 1391 1758 1444 acceptabat
1790 1392 1834 1431 et
1865 1390 2042 1444 plenius

0 1447 18 1460 ‘⁴
257 1474 306 1503 ac
339 1461 565 1504 liberalius
598 1462 835 1512 obtulerat,
870 1475 1005 1516 quam
1039 1462 1079 1504 ei
1111 1462 1323 1507 fecerant
1356 1463 1478 1516 quod
1501 1464 1603 1504 ante
1636 1475 1727 1503 non
1759 1461 2043 1505 crediderant

257 1545 339 1574 nec
381 1533 602 1583 volebant,
646 1547 746 1575 eum
785 1534 832 1575 in
872 1535 1134 1576 consistorio
1177 1534 1358 1588 publico
1398 1535 1551 1576 notare
1591 1547 1671 1575 seu
1703 1533 1933 1576 diffamare
1966 1547 2043 1576 vo-

256 1603 456 1657 luerunt,
506 1605 626 1658 quod
664 1605 912 1659 predictam
958 1606 1076 1647 viam
1125 1605 1337 1648 cessionis
1386 1605 1704 1659 assumpserit,
1752 1606 1803 1646 ut
1850 1606 2043 1647 eundem

0 1668 29 1734 {—
185 1674 502 1729 20Angelum,
547 1689 680 1729 quem
720 1676 978 1730 Gregorium
1018 1677 1330 1729 nominabant,
1374 1676 1421 1718 in
1459 1689 1540 1718 sua
1578 1676 1758 1718 iusticia
1788 1676 2042 1730 impediret,

0 1733 43 1828 ἓ
256 1746 377 1799 quod
408 1747 643 1789 veritatem
678 1761 767 1789 non
802 1748 1011 1799 continet,
1052 1748 1163 1790 sicut
1197 1762 1250 1790 ex
1282 1747 1481 1802 proxime
1517 1747 1645 1789 dictis
1688 1749 1815 1802 patet
1854 1750 1899 1790 et
1931 1748 2042 1800 aliis,

5 1810 23 1865 ξ’
256 1830 343 1871 que
386 1817 433 1859 in
471 1819 672 1871 predicto
711 1819 976 1862 consistorio
1016 1819 1127 1873 ipsis
1176 1820 1434 1862 immediate
1475 1819 1788 1872 respondendo
1838 1819 2043 1861 dominus

4 1867 29 1954 ἶ
255 1890 407 1930 noster
439 1889 644 1943 explicite
678 1890 932 1932 declaravit.

9 1959 42 2017 &f
374 1959 441 2015 [6]
505 1961 583 2002 Set
620 1962 802 2003 tandem
842 1964 999 2004 contra
1039 1963 1118 2005 Dei
1161 1962 1394 2004 ecclesiam
1436 1961 1609 2004 noviter
1647 1962 1955 2015 conspirantes
1993 1962 2041 2004 in

12 2038 38 2083 ’ὦ
184 2030 238 2072 25
254 2031 600 2085 congregacione
633 2033 798 2075 Pisana
829 2033 1050 2086 videntes,
1084 2034 1204 2088 quod
1236 2034 1435 2087 predicte
1468 2032 1722 2086 calumpnie
1757 2034 1811 2075 de
1843 2033 2040 2076 falsitate

11 2091 34 2109 ⁶*
253 2101 442 2144 faciliter
480 2106 828 2156 convincuntur,
861 2105 1062 2147 volentes
1109 2106 1343 2147 materiam
1381 2105 1613 2158 intricare,
1654 2107 1943 2147 recurrerunt
1983 2106 2040 2147 ad

16 2201 21 2219 f
254 2172 378 2224 illud,
412 2174 532 2228 quod
555 2176 719 2217 nedum
754 2177 821 2217 est
844 2176 1018 2228 falsum,
1053 2178 1120 2218 set
1153 2190 1234 2218 nec
1263 2176 1326 2218 eis
1356 2179 1559 2219 constare
1582 2175 1728 2230 potuit
1751 2189 1847 2218 esse
1869 2189 2036 2219 verum.

15 2225 51 2323 ’ἐξ
254 2244 417 2287 Dicunt
454 2246 594 2298 enim,
635 2247 752 2301 quod
794 2247 1000 2290 dominus
1034 2249 1185 2290 noster
1225 2261 1344 2301 papa
1375 2248 1648 2290 Benedictus
1689 2261 1779 2290 non
1821 2261 1928 2290 vera
1973 2250 2041 2290 set

6 2347 46 2395 2!
252 2314 357 2358 ficta
388 2316 640 2360 intentione
673 2319 884 2360 unionem
918 2319 1102 2361 ecclesie
1137 2320 1270 2361 fuerit
1293 2322 1572 2373 prosecutus,
1607 2320 1670 2369 ut,
1705 2332 1807 2361 cum
1841 2320 1894 2361 de
1926 2319 2040 2362 facto
2094 2349 2102 2356 ·

20 2390 52 2470 {A}
184 2387 240 2429 30
253 2389 428 2429 constet
458 2388 727 2442 oppositum,
751 2391 1029 2442 erubescant,
1062 2390 1330 2444 prohibente
1363 2391 1568 2433 doctrina
1601 2404 1834 2444 canonum,
1869 2394 2041 2433 secreta
2076 2416 2080 2419 -

253 2458 476 2512 cordium,
520 2473 709 2514 quorum
753 2462 873 2503 solus
914 2462 1035 2503 Deus
1068 2464 1134 2504 est
1167 2462 1383 2516 cognitor,
1426 2462 1509 2504 sibi
1549 2463 1786 2504 temerarie
1819 2476 2037 2518 usurpare
2076 2486 2081 2489 -

253 2530 297 2570 et
328 2530 494 2572 nedum
525 2535 679 2574 contra
710 2545 896 2587 papam,
940 2534 994 2575 de
1027 2546 1115 2587 quo
1149 2534 1338 2575 maxime
1372 2535 1724 2587 presumendum
1756 2536 1824 2576 est
1854 2535 2037 2587 bonum,

254 2601 320 2641 set
351 2614 434 2643 nec
465 2605 620 2645 contra
651 2617 963 2658 quemcunque
996 2604 1131 2646 alium
1163 2618 1402 2659 perperam
1433 2605 1644 2647 iudicare.

374 2671 440 2729 [7]
502 2674 667 2716 Verum
699 2675 815 2717 ultra
856 2675 1074 2729 premissa
1111 2676 1200 2718 iam
1243 2677 1387 2718 dictus
1427 2676 1494 2719 vir
1536 2675 1794 2730 magnificus
1829 2677 2036 2719 dominus

183 2742 440 2786 35Carolus
474 2744 707 2799 diligenter
739 2746 844 2788 velit
885 2747 1144 2806 attendere„
1165 2748 1305 2801 quod,
1350 2747 1464 2790 sicut
1495 2748 1614 2790 viam
1655 2761 1735 2790 seu
1767 2748 1884 2801 vias,
1926 2761 2037 2802 quas

252 2826 385 2869 papa,
419 2817 470 2857 ut
502 2818 722 2869 credatur,
755 2818 896 2860 iustas
929 2820 973 2860 et
996 2818 1129 2860 utiles
1151 2832 1255 2861 vere
1291 2819 1443 2862 unioni
1476 2832 1589 2873 pura
1615 2819 1873 2861 intencione
1907 2820 2038 2861 obtu-

254 2883 366 2941 litb),
409 2886 603 2929 malivoli
642 2888 834 2932 sinistris
875 2889 1226 2932 detractionibus
1267 2889 1497 2944 instiganti
1539 2891 1728 2944 dyabolo
1769 2890 2039 2932 infamarunt

254 2958 300 2999 et
331 2956 592 3001 facinorosis
622 2958 953 3013 impedimentis
985 2961 1244 3014 turbarunt,
1284 2961 1343 3004 ita
1380 2962 1538 3004 eodem
1570 2963 1787 3004 suadente
1820 2962 1876 3003 ad
1909 2960 2038 3003 diffu-

379 3122 411 3158 α)
432 3122 613 3152 suessionis
633 3125 670 3152 B.
742 3124 777 3160 b)
797 3126 826 3153 Β
846 3126 904 3154 hat
923 3125 1057 3154 oblatas
1078 3128 1159 3154 etatt
1179 3126 1312 3156 obtulit.

1686 3136 1754 3219 a*

238 3350 261 3366 ii
