2216 3432
389 167 434 206 A.
459 167 604 205 Johann
620 168 760 207 XXIII.
785 172 860 206 und
886 171 942 207 die
960 173 1265 223 Vorbereitungen
1290 190 1368 214 zum
1393 178 1534 219 Konzil.
1575 181 1636 220 Nr.
1660 185 1718 227 42,
1742 186 1799 223 43.
1890 174 1974 221 239

206 277 538 333 expediendum
571 278 814 321 terminum
847 280 1138 339 [prefiximus]
1172 284 1307 328 trium
1341 288 1558 331 mensium
1590 291 1889 337 existimantes
1919 286 1988 338 ad

205 363 304 393 03111
335 363 430 392 rem
462 350 547 392 hoc
578 351 756 404 tempus
789 351 1004 395 sufficere.
1061 355 1155 397 Hoc
1178 358 1326 398 autem
1350 359 1537 402 termino
1570 363 1790 415 pendente
1813 365 1973 409 fuimus

203 435 284 477 per
315 423 440 464 tuam
473 421 782 477 [serenitatem
815 423 1052 478 re]quisiti,
1095 428 1143 467 ut
1175 429 1276 470 ante
1309 429 1562 473 huiusmodi
1599 433 1852 477 electionem
1892 437 1975 479 loci

203 493 420 536 vellemus
447 495 682 548 expectare
709 495 810 535 tuos
834 498 1045 549 oratores,
1072 511 1205 551 quam
1230 500 1569 553 requisicionem
1594 506 1797 556 putantes
1821 506 1974 560 [hone-

163 566 318 614 5stam
351 565 649 621 decrevimus]
683 565 828 608 locum
859 566 906 608 in
938 568 1153 621 premisso
1186 571 1377 612 termino
1407 586 1496 615 non
1518 574 1756 627 publicare.
1810 578 1976 632 Super-

203 636 492 680 venientibus
532 637 686 679 autem
726 650 871 691 nuper
903 639 1151 682 oratoribus
1193 641 1358 684 eisdem
1391 643 1752 688 existimabamus
1785 661 1859 689 eos
1901 649 1975 703 [de

203 710 352 751 mente
374 710 453 751 tua
475 707 611 764 circa]
646 709 792 751 locum
826 707 923 751 esse
957 712 1087 764 plene
1120 712 1376 766 instructos,
1408 714 1470 757 ita
1501 717 1551 758 ut
1583 716 1646 758 eis
1679 718 1841 760 auditis
1873 733 1975 774 pos-

204 794 355 823 semus
382 781 466 824 hoc
489 781 713 834 expedire.
769 781 1030 824 Sencientes
1062 785 1210 825 autem
1233 787 1390 838 postea
1422 786 1516 840 [eos
1539 801 1628 830 non
1650 789 1828 845 habere]
1862 791 1976 834 circa

202 853 287 896 hoc
317 854 600 908 potestatem,
637 853 916 895 decrevimus
949 867 1030 907 pro
1065 855 1198 897 celeri
1237 857 1524 910 expedicione
1556 859 1611 901 ad
1644 861 1828 902 eandem
1861 876 1977 904 sere-

134 933 189 974 10
203 924 391 967 nitatem
413 926 537 968 tuam
560 924 793 968 confestim
817 926 993 968 mittere
1018 940 1155 968 unum
1189 927 1278 982 [vel
1299 929 1451 982 plures
1475 930 1548 985 de]
1582 931 1791 973 fratribus
1814 934 1975 974 nostris

203 997 355 1038 sancte
388 996 592 1039 Romane
633 996 820 1038 ecclesie
864 997 1163 1040 cardinalibus
1204 999 1257 1041 de
1300 1001 1450 1042 nostra
1490 1003 1635 1043 mente
1677 1002 1792 1044 circa
1822 1003 1903 1045 hoc
1935 1006 1977 1046 et

202 1068 419 1110 nonnulla
457 1067 545 1111 alia
575 1069 707 1123 plene
745 1067 1005 1111 informatos
1047 1071 1091 1111 et
1123 1070 1199 1123 qui
1232 1083 1384 1112 curam
1416 1072 1608 1115 habeant
1639 1074 1883 1127 providere,
1917 1077 1978 1128 ut,

202 1139 334 1182 sicuti
366 1153 447 1183 nos
481 1142 525 1182 et
556 1141 634 1182 tua
667 1140 884 1182 serenitas
918 1140 1136 1194 cupimus,
1169 1141 1214 1183 in
1248 1143 1396 1196 aliquo
1430 1143 1524 1186 loco
1548 1145 1868 1197 conveniamus,
1901 1146 1977 1187 ubi

203 1225 284 1255 nos
323 1225 517 1255 unacum
554 1211 768 1254 fratribus
808 1212 972 1255 nostris
1012 1213 1236 1266 possimus
1274 1227 1375 1256 cum
1412 1215 1648 1257 serenitate
1691 1218 1767 1258 tua
1799 1217 1851 1258 de
1883 1218 1976 1260 loco

136 1290 188 1333 15
203 1284 375 1338 ydoneo
417 1298 500 1339 pro
543 1284 729 1326 concilio
770 1286 814 1326 et
854 1285 907 1326 de
944 1285 1043 1326 aliis
1084 1287 1250 1327 statum
1291 1286 1474 1328 ecclesie
1506 1286 1768 1329 universalis
1801 1301 1977 1330 concer-

202 1355 415 1399 nentibus
437 1356 604 1398 habere
626 1356 883 1398 tractatum.
918 1356 1014 1406 Que
1038 1356 1277 1399 convencio
1301 1357 1336 1399 si
1360 1359 1452 1399 Deo
1474 1357 1646 1400 favente
1670 1359 1976 1414 subsequetur,

203 1429 248 1469 et
279 1441 362 1470 nos
394 1426 456 1469 ibi
489 1441 590 1470 cum
622 1429 700 1469 tuo
744 1427 928 1470 consilio
970 1429 1014 1470 et
1047 1442 1232 1470 assensu
1273 1429 1417 1471 locum
1457 1429 1647 1471 habilem
1692 1431 1901 1483 eligemus
1934 1433 1977 1472 et

201 1499 532 1553 publicabimus
579 1501 623 1541 et
655 1498 796 1541 eciam
829 1501 1006 1553 tempus
1039 1501 1258 1553 ydoneum
1290 1514 1390 1542 cum
1422 1501 1577 1543 eodem
1608 1503 1683 1543 tuo
1715 1501 1897 1544 consilio
1931 1505 1976 1544 et

202 1584 389 1613 assensu
420 1572 478 1613 ad
498 1570 771 1613 iniciandum
796 1571 945 1626 ipsum
968 1571 1204 1614 concilium
1227 1573 1484 1614 statuemus,
1539 1572 1652 1622 Quia
1673 1586 1775 1615 vero
1799 1573 1976 1626 expedit

131 1650 189 1692 20
203 1642 260 1685 ad
283 1642 543 1685 evitandum
577 1643 878 1686 detractorum
911 1644 1084 1697 linguas
1117 1645 1228 1685 hanc
1261 1643 1522 1686 electionem
1545 1643 1743 1685 celeriter
1766 1643 1973 1697 expediri,

203 1713 372 1757 eisdem
411 1714 625 1757 fratribus
665 1715 831 1758 nostris
864 1715 941 1756 uni
974 1716 1042 1757 vel
1076 1716 1278 1770 pluribus
1311 1715 1367 1756 ad
1398 1717 1439 1756 te
1473 1714 1743 1756 destinandis
1776 1715 1974 1756 commit-

201 1787 362 1837 temus,
402 1788 466 1837 ut,
508 1786 545 1828 si
575 1799 718 1841 usque
761 1787 817 1828 ad
849 1787 1095 1841 proximam
1129 1787 1245 1829 diem
1285 1786 1528 1828 nativitatis
1569 1785 1756 1839 gloriose
1795 1785 1973 1839 virginis

201 1858 422 1913 premissa
454 1859 695 1901 convencio
729 1860 883 1901 nostra
914 1859 1060 1900 locum
1094 1859 1258 1900 habere
1291 1871 1378 1900 non
1411 1857 1618 1911 potuerit,
1662 1856 1756 1910 ipse
1790 1857 1857 1898 vel
1890 1856 1973 1911 ipsi

202 1941 302 1971 011111
339 1931 418 1972 tuo
458 1929 644 1972 consilio
685 1932 729 1972 et
760 1943 943 1972 assensu
987 1929 1080 1972 sine
1113 1943 1235 1972 mora
1268 1929 1518 1982 eligendum
1551 1929 1693 1969 locum
1726 1928 1769 1969 et
1799 1928 1974 1980 tempus

131 2008 187 2050 25
202 2000 444 2055 assignent.
498 2001 643 2052 Quam
677 2001 819 2044 eciam
851 2001 1111 2044 electionem
1143 2002 1187 2043 et
1210 1999 1556 2053 assignacionem
1579 2012 1691 2050 mOX‚
1724 2012 1823 2040 cum
1846 1997 1974 2039 certi-

201 2071 320 2115 ficati
359 2072 590 2126 fuerimus,
630 2086 711 2126 per
750 2075 925 2115 nostras
969 2074 1143 2115 litteras
1183 2074 1226 2114 et
1264 2070 1471 2113 nunccios
1509 2084 1587 2124 per
1625 2071 1760 2111 totam
1800 2068 1974 2110 christi-

202 2144 415 2187 anitatem
436 2145 776 2199 publicabimus.
831 2146 996 2187 Datum
1019 2145 1137 2198 apud
1161 2146 1365 2185 sanctum
1387 2140 1659 2183 Anthonium
1682 2142 1803 2182 extra
1825 2153 1973 2181 muros

202 2215 485 2259 Florentinos
516 2217 589 2258 VI.
622 2216 833 2259 kalendas
866 2216 1057 2270 Augusti
1089 2214 1372 2270 pontificatus
1406 2212 1544 2255 nostri
1577 2225 1691 2254 anno
1723 2213 1894 2265 quarto.

200 2381 278 2426 43.
334 2380 581 2438 Sz'yismund
616 2382 731 2424 tlaeilt
767 2382 905 2438 Ko'm'y
943 2381 1146 2424 Heinrich
1187 2379 1230 2421 V.
1271 2395 1346 2421 von
1383 2378 1580 2434 Enyland
1615 2379 1723 2418 seme
1768 2374 1974 2417 Verlzand-

132 2462 189 2504 30
203 2454 354 2509 lunyen
383 2456 461 2495 mit
492 2453 660 2495 Johann
682 2452 858 2494 XXIII.
891 2456 968 2494 mit
996 2454 1083 2494 und
1113 2452 1276 2494 ersuclit
1305 2466 1374 2492 um
1409 2449 1690 2504 Rezeiclmuny
1722 2449 1828 2488 eines
1859 2446 1974 2486 Ortes

200 2525 246 2565 in
279 2522 429 2566 Italian
460 2525 558 2566 oder
589 2523 888 2576 Deutsclzland,
923 2525 1000 2566 den
1032 2539 1076 2566 er
1097 2524 1182 2579 fiir
1213 2524 1276 2564 dz'e
1299 2522 1541 2575 Ablcaltuny
1573 2521 1679 2561 eines
1711 2519 1974 2574 allyemeinen

570 2595 740 2637 Konzz'ls
769 2597 845 2650 fiir
866 2595 1054 2652 passend
1083 2595 1179 2637 Ιιᾱῖύ.
1246 2591 1381 2648 (1413
1411 2592 1608 2647 Auyust.)

274 2688 307 2722 B
331 2701 395 2723 aas
426 2688 510 2724 cod.
536 2688 723 2724 Palatinus
751 2688 818 2724 701
837 2674 908 2735 fol.
934 2688 1031 2723 3281)
1047 2700 1074 2723 s.
1101 2688 1164 2722 der
1196 2686 1307 2721 Vani.
1335 2684 1543 2719 Biha-othei.

322 2784 635 2839 Sigismundus
679 2787 764 2827 etc.
812 2785 1096 2828 serenissimo
1143 2780 1335 2836 principi
1383 2779 1560 2822 domino
1604 2776 1834 2837 H[enrico]
1879 2775 1970 2828 regi

132 2870 187 2913 35
202 2856 361 2912 Anglie
400 2857 591 2900 salutem
632 2858 676 2899 et
706 2855 901 2899 fraterne
933 2855 1190 2908 sincereque
1222 2851 1415 2895 caritatis
1447 2849 1657 2892 continua
1686 2847 1969 2889 incrementa.

203 2927 498 2971 Serenissime
535 2927 746 2983 princeps
785 2930 866 2971 etc.
908 2961 917 2970 .
953 2959 962 2969 .
997 2958 1006 2969 .
1051 2926 1148 2977 Quo
1180 2923 1414 2979 specialius
1457 2933 1634 2975 quoque
1664 2915 1969 2960 rationabilius

203 2999 260 3042 ad
292 3000 529 3043 ecclesiam
560 3000 748 3042 eandem
780 2998 1006 3051 afficimur,
1039 3011 1091 3039 eo
1123 2994 1388 3049 singularius
1422 2993 1476 3035 de
1499 2988 1807 3033 afflictionibus
1828 2987 1968 3042 ipsius

203 3070 441 3127 affligimur
479 3072 666 3127 eiusque
705 3070 960 3126 gravamina
1003 3068 1130 3110 nobis
1163 3065 1398 3109 admodum
1430 3061 1664 3117 displicent
1695 3061 1739 3101 et
1769 3057 1967 3100 illicitum
