<?xml version="1.0" encoding="UTF-8"?>
<!DOCTYPE html PUBLIC "-//W3C//DTD XHTML 1.0 Transitional//EN"
    "http://www.w3.org/TR/xhtml1/DTD/xhtml1-transitional.dtd">
<html xmlns="http://www.w3.org/1999/xhtml" xml:lang="en" lang="en">
 <head>
  <title>
</title>
<meta http-equiv="Content-Type" content="text/html;charset=utf-8" />
  <meta name='ocr-system' content='tesseract 3.04.00' />
  <meta name='ocr-capabilities' content='ocr_page ocr_carea ocr_par ocr_line ocrx_word'/>
</head>
<body>
  <div class='ocr_page' id='page_1' title='image "./actaconciliicons01counuoft_0371.png"; bbox 0 0 2216 3432; ppageno 0'>
   <div class='ocr_carea' id='block_1_1' title="bbox 481 136 2025 199">
    <p class='ocr_par' dir='ltr' id='par_1_1' title="bbox 481 136 2025 199">
     <span class='ocr_line' id='line_1_1' title="bbox 481 136 2025 199; baseline 0.019 -29"><span class='ocrx_word' id='word_1_1' title='bbox 481 136 518 173; x_wconf 88' lang='lat' dir='ltr'>C.</span> <span class='ocrx_word' id='word_1_2' title='bbox 560 137 739 174; x_wconf 85' lang='lat' dir='ltr'>Benedikt</span> <span class='ocrx_word' id='word_1_3' title='bbox 763 140 874 184; x_wconf 64' lang='lat' dir='ltr'>XIII„</span> <span class='ocrx_word' id='word_1_4' title='bbox 901 143 1055 187; x_wconf 83' lang='lat' dir='ltr'>Spanien</span> <span class='ocrx_word' id='word_1_5' title='bbox 1081 148 1153 182; x_wconf 91' lang='lat' dir='ltr'>und</span> <span class='ocrx_word' id='word_1_6' title='bbox 1178 149 1240 184; x_wconf 83' lang='lat' dir='ltr'>das</span> <span class='ocrx_word' id='word_1_7' title='bbox 1266 151 1484 189; x_wconf 78' lang='lat' dir='ltr'>Konstanzer</span> <span class='ocrx_word' id='word_1_8' title='bbox 1508 157 1647 194; x_wconf 87' lang='lat' dir='ltr'>Konzil.</span> <span class='ocrx_word' id='word_1_9' title='bbox 1688 159 1747 194; x_wconf 88' lang='lat' dir='ltr'>Nr.</span> <span class='ocrx_word' id='word_1_10' title='bbox 1771 162 1827 199; x_wconf 83' lang='lat'>96.</span> <span class='ocrx_word' id='word_1_11' title='bbox 1944 155 2025 197; x_wconf 87' lang='lat'>357</span> 
     </span>
    </p>
   </div>
   <div class='ocr_carea' id='block_1_2' title="bbox 236 244 2031 882">
    <p class='ocr_par' dir='ltr' id='par_1_2' title="bbox 236 244 2031 882">
     <span class='ocr_line' id='line_1_2' title="bbox 277 244 2027 321; baseline 0.017 -38"><span class='ocrx_word' id='word_1_12' title='bbox 277 252 360 299; x_wconf 88' lang='lat' dir='ltr'>pro</span> <span class='ocrx_word' id='word_1_13' title='bbox 399 245 443 286; x_wconf 84' lang='lat' dir='ltr'>et</span> <span class='ocrx_word' id='word_1_14' title='bbox 481 244 536 286; x_wconf 90' lang='lat' dir='ltr'>de</span> <span class='ocrx_word' id='word_1_15' title='bbox 579 258 714 300; x_wconf 86' lang='lat' dir='ltr'>regno</span> <span class='ocrx_word' id='word_1_16' title='bbox 746 247 927 291; x_wconf 88' lang='lat' dir='ltr'>Francie</span> <span class='ocrx_word' id='word_1_17' title='bbox 972 252 1026 293; x_wconf 89' lang='lat' dir='ltr'>ad</span> <span class='ocrx_word' id='word_1_18' title='bbox 1059 253 1219 297; x_wconf 87' lang='lat' dir='ltr'>dictam</span> <span class='ocrx_word' id='word_1_19' title='bbox 1260 262 1637 314; x_wconf 78' lang='lat' dir='ltr'>congregacionem</span> <span class='ocrx_word' id='word_1_20' title='bbox 1669 268 1887 321; x_wconf 78' lang='lat' dir='ltr'>accedant,</span> <span class='ocrx_word' id='word_1_21' title='bbox 1927 253 2027 312; x_wconf 86' lang='lat' dir='ltr'>tunc</span> 
     </span>
     <span class='ocr_line' id='line_1_3' title="bbox 279 315 2027 393; baseline 0.015 -38"><span class='ocrx_word' id='word_1_22' title='bbox 279 315 347 358; x_wconf 86' lang='lat' dir='ltr'>est</span> <span class='ocrx_word' id='word_1_23' title='bbox 391 317 725 370; x_wconf 89' lang='lat' dir='ltr'>procurandum</span> <span class='ocrx_word' id='word_1_24' title='bbox 777 321 968 374; x_wconf 86' lang='lat' dir='ltr'>omnino,</span> <span class='ocrx_word' id='word_1_25' title='bbox 1021 326 1139 376; x_wconf 91' lang='lat' dir='ltr'>quod</span> <span class='ocrx_word' id='word_1_26' title='bbox 1190 327 1298 368; x_wconf 84' lang='lat' dir='ltr'>tales</span> <span class='ocrx_word' id='word_1_27' title='bbox 1347 343 1533 383; x_wconf 81' lang='lat' dir='ltr'>persone</span> <span class='ocrx_word' id='word_1_28' title='bbox 1579 333 1679 376; x_wconf 91' lang='lat' dir='ltr'>illuc</span> <span class='ocrx_word' id='word_1_29' title='bbox 1723 338 1893 391; x_wconf 81' lang='lat' dir='ltr'>vadant,</span> <span class='ocrx_word' id='word_1_30' title='bbox 1945 354 2027 393; x_wconf 88' lang='lat' dir='ltr'>que</span> 
     </span>
     <span class='ocr_line' id='line_1_4' title="bbox 277 388 2027 458; baseline 0.013 -29"><span class='ocrx_word' id='word_1_31' title='bbox 277 388 478 430; x_wconf 86' lang='lat' dir='ltr'>sanctam</span> <span class='ocrx_word' id='word_1_32' title='bbox 510 388 554 429; x_wconf 90' lang='lat' dir='ltr'>et</span> <span class='ocrx_word' id='word_1_33' title='bbox 585 389 751 430; x_wconf 85' lang='lat' dir='ltr'>rectam</span> <span class='ocrx_word' id='word_1_34' title='bbox 782 389 1076 435; x_wconf 76' lang='lat' dir='ltr'>intencionem</span> <span class='ocrx_word' id='word_1_35' title='bbox 1108 396 1309 451; x_wconf 78' lang='lat' dir='ltr'>habeant,</span> <span class='ocrx_word' id='word_1_36' title='bbox 1343 401 1385 441; x_wconf 91' lang='lat' dir='ltr'>et</span> <span class='ocrx_word' id='word_1_37' title='bbox 1416 415 1493 454; x_wconf 90' lang='lat' dir='ltr'>per</span> <span class='ocrx_word' id='word_1_38' title='bbox 1525 417 1632 456; x_wconf 86' lang='lat' dir='ltr'>quas</span> <span class='ocrx_word' id='word_1_39' title='bbox 1664 410 1914 458; x_wconf 77' lang='lat' dir='ltr'>procuretur</span> <span class='ocrx_word' id='word_1_40' title='bbox 1936 411 2027 451; x_wconf 75' lang='lat' dir='ltr'>essi-</span> 
     </span>
     <span class='ocr_line' id='line_1_5' title="bbox 276 458 2027 524; baseline 0.013 -25"><span class='ocrx_word' id='word_1_41' title='bbox 276 458 438 501; x_wconf 88' lang='lat' dir='ltr'>caciter</span> <span class='ocrx_word' id='word_1_42' title='bbox 483 460 729 513; x_wconf 87' lang='lat' dir='ltr'>recognicio</span> <span class='ocrx_word' id='word_1_43' title='bbox 776 461 915 516; x_wconf 90' lang='lat' dir='ltr'>iniqui</span> <span class='ocrx_word' id='word_1_44' title='bbox 954 478 1186 517; x_wconf 76' lang='lat' dir='ltr'>processus</span> <span class='ocrx_word' id='word_1_45' title='bbox 1230 472 1575 524; x_wconf 75' lang='lat' dir='ltr'>congregacionis</span> <span class='ocrx_word' id='word_1_46' title='bbox 1621 475 1797 519; x_wconf 83' lang='lat' dir='ltr'>Pisane:</span> <span class='ocrx_word' id='word_1_47' title='bbox 1844 478 1954 520; x_wconf 89' lang='lat' dir='ltr'>Nam</span> <span class='ocrx_word' id='word_1_48' title='bbox 1993 481 2027 521; x_wconf 84' lang='lat' dir='ltr'>si</span> 
     </span>
     <span class='ocr_line' id='line_1_6' title="bbox 236 530 2027 598; baseline 0.012 -29"><span class='ocrx_word' id='word_1_49' title='bbox 236 530 492 572; x_wconf 88' lang='lat' dir='ltr'>5veraciter</span> <span class='ocrx_word' id='word_1_50' title='bbox 532 531 806 573; x_wconf 79' lang='lat' dir='ltr'>examinetur</span> <span class='ocrx_word' id='word_1_51' title='bbox 839 535 881 574; x_wconf 89' lang='lat' dir='ltr'>et</span> <span class='ocrx_word' id='word_1_52' title='bbox 911 534 1024 577; x_wconf 85' lang='lat' dir='ltr'>iuste</span> <span class='ocrx_word' id='word_1_53' title='bbox 1046 539 1197 590; x_wconf 88' lang='lat' dir='ltr'>procul</span> <span class='ocrx_word' id='word_1_54' title='bbox 1221 540 1352 582; x_wconf 79' lang='lat' dir='ltr'>dubio</span> <span class='ocrx_word' id='word_1_55' title='bbox 1376 542 1624 596; x_wconf 83' lang='lat' dir='ltr'>deducetur,</span> <span class='ocrx_word' id='word_1_56' title='bbox 1658 548 1773 598; x_wconf 88' lang='lat' dir='ltr'>quod</span> <span class='ocrx_word' id='word_1_57' title='bbox 1796 549 2027 590; x_wconf 75' lang='lat' dir='ltr'>subtractio</span> 
     </span>
     <span class='ocr_line' id='line_1_7' title="bbox 278 601 2030 670; baseline 0.01 -27"><span class='ocrx_word' id='word_1_58' title='bbox 278 601 536 643; x_wconf 89' lang='lat' dir='ltr'>obediencie</span> <span class='ocrx_word' id='word_1_59' title='bbox 568 602 786 644; x_wconf 85' lang='lat' dir='ltr'>Baltasari</span> <span class='ocrx_word' id='word_1_60' title='bbox 810 604 929 665; x_wconf 87' lang='lat' dir='ltr'>Coxa</span> <span class='ocrx_word' id='word_1_61' title='bbox 953 607 1068 648; x_wconf 90' lang='lat' dir='ltr'>dicto</span> <span class='ocrx_word' id='word_1_62' title='bbox 1100 608 1289 651; x_wconf 87' lang='lat' dir='ltr'>Johanni</span> <span class='ocrx_word' id='word_1_63' title='bbox 1321 611 1488 653; x_wconf 87' lang='lat' dir='ltr'>intruso</span> <span class='ocrx_word' id='word_1_64' title='bbox 1521 615 1688 656; x_wconf 91' lang='lat' dir='ltr'>notorie</span> <span class='ocrx_word' id='word_1_65' title='bbox 1720 616 1764 657; x_wconf 94' lang='lat' dir='ltr'>in</span> <span class='ocrx_word' id='word_1_66' title='bbox 1796 620 2030 670; x_wconf 83' lang='lat' dir='ltr'>apostolica</span> 
     </span>
     <span class='ocr_line' id='line_1_8' title="bbox 276 673 2028 742; baseline 0.01 -29"><span class='ocrx_word' id='word_1_67' title='bbox 276 673 382 715; x_wconf 86' lang='lat' dir='ltr'>sede</span> <span class='ocrx_word' id='word_1_68' title='bbox 415 674 482 714; x_wconf 87' lang='lat' dir='ltr'>est</span> <span class='ocrx_word' id='word_1_69' title='bbox 515 674 558 714; x_wconf 91' lang='lat' dir='ltr'>et</span> <span class='ocrx_word' id='word_1_70' title='bbox 580 674 664 715; x_wconf 91' lang='lat' dir='ltr'>erit</span> <span class='ocrx_word' id='word_1_71' title='bbox 686 676 948 728; x_wconf 80' lang='lat' dir='ltr'>generaliter</span> <span class='ocrx_word' id='word_1_72' title='bbox 970 677 1181 732; x_wconf 90' lang='lat' dir='ltr'>facienda,</span> <span class='ocrx_word' id='word_1_73' title='bbox 1216 682 1258 721; x_wconf 89' lang='lat' dir='ltr'>et</span> <span class='ocrx_word' id='word_1_74' title='bbox 1279 681 1380 723; x_wconf 88' lang='lat' dir='ltr'>inde</span> <span class='ocrx_word' id='word_1_75' title='bbox 1404 685 1716 736; x_wconf 88' lang='lat' dir='ltr'>congruencius</span> <span class='ocrx_word' id='word_1_76' title='bbox 1740 688 2028 742; x_wconf 65' lang='lat' dir='ltr'>concludetur,</span> 
     </span>
     <span class='ocr_line' id='line_1_9' title="bbox 276 744 2031 809; baseline 0.009 -25"><span class='ocrx_word' id='word_1_77' title='bbox 276 744 399 798; x_wconf 89' lang='lat' dir='ltr'>quod</span> <span class='ocrx_word' id='word_1_78' title='bbox 446 745 705 787; x_wconf 78' lang='lat' dir='ltr'>obediencia</span> <span class='ocrx_word' id='word_1_79' title='bbox 751 747 796 787; x_wconf 89' lang='lat' dir='ltr'>in</span> <span class='ocrx_word' id='word_1_80' title='bbox 838 748 1019 789; x_wconf 82' lang='lat' dir='ltr'>Francia</span> <span class='ocrx_word' id='word_1_81' title='bbox 1066 750 1146 790; x_wconf 87' lang='lat' dir='ltr'>erit</span> <span class='ocrx_word' id='word_1_82' title='bbox 1193 751 1368 793; x_wconf 89' lang='lat' dir='ltr'>domino</span> <span class='ocrx_word' id='word_1_83' title='bbox 1416 756 1565 795; x_wconf 89' lang='lat' dir='ltr'>nostro</span> <span class='ocrx_word' id='word_1_84' title='bbox 1614 756 1887 809; x_wconf 86' lang='lat' dir='ltr'>restituenda,</span> <span class='ocrx_word' id='word_1_85' title='bbox 1936 760 2031 800; x_wconf 81' lang='lat' dir='ltr'>licet</span> 
     </span>
     <span class='ocr_line' id='line_1_10' title="bbox 276 815 2030 882; baseline 0.009 -26"><span class='ocrx_word' id='word_1_86' title='bbox 276 815 584 858; x_wconf 81' lang='lat' dir='ltr'>honorabilius</span> <span class='ocrx_word' id='word_1_87' title='bbox 622 816 748 859; x_wconf 89' lang='lat' dir='ltr'>fieret</span> <span class='ocrx_word' id='word_1_88' title='bbox 780 832 858 873; x_wconf 88' lang='lat' dir='ltr'>per</span> <span class='ocrx_word' id='word_1_89' title='bbox 891 833 936 860; x_wconf 85' lang='lat' dir='ltr'>se</span> <span class='ocrx_word' id='word_1_90' title='bbox 978 820 1098 874; x_wconf 87' lang='lat' dir='ltr'>ipsos</span> <span class='ocrx_word' id='word_1_91' title='bbox 1128 822 1170 862; x_wconf 92' lang='lat' dir='ltr'>et</span> <span class='ocrx_word' id='word_1_92' title='bbox 1200 823 1379 864; x_wconf 91' lang='lat' dir='ltr'>modum</span> <span class='ocrx_word' id='word_1_93' title='bbox 1419 824 1463 865; x_wconf 90' lang='lat' dir='ltr'>in</span> <span class='ocrx_word' id='word_1_94' title='bbox 1497 825 1685 879; x_wconf 90' lang='lat' dir='ltr'>capitulo</span> <span class='ocrx_word' id='word_1_95' title='bbox 1708 830 2030 882; x_wconf 81' lang='lat' dir='ltr'>superproxime</span> 
     </span>
    </p>
   </div>
   <div class='ocr_carea' id='block_1_3' title="bbox 154 888 518 930">
    <p class='ocr_par' dir='ltr' id='par_1_3' title="bbox 154 888 518 930">
     <span class='ocr_line' id='line_1_11' title="bbox 154 888 518 930; baseline 0 -1"><span class='ocrx_word' id='word_1_96' title='bbox 154 890 157 892; x_wconf 73' lang='grc'><strong><em>’</em></strong></span> <span class='ocrx_word' id='word_1_97' title='bbox 208 888 261 930; x_wconf 91' lang='grc'>10</span> <span class='ocrx_word' id='word_1_98' title='bbox 277 889 518 930; x_wconf 88' lang='lat' dir='ltr'>exaratum.</span> 
     </span>
    </p>
   </div>
   <div class='ocr_carea' id='block_1_4' title="bbox 0 0 203 1296">
    <p class='ocr_par' dir='ltr' id='par_1_4' title="bbox 0 0 203 1296">
     <span class='ocr_line' id='line_1_12' title="bbox 0 0 203 1296; baseline 0 0"><span class='ocrx_word' id='word_1_99' title='bbox 0 0 203 1296; x_wconf 95' lang='lat' dir='ltr'> </span> 
     </span>
    </p>
   </div>
   <div class='ocr_carea' id='block_1_5' title="bbox 0 1296 69 3432">
    <p class='ocr_par' dir='ltr' id='par_1_5' title="bbox 0 1296 69 3432">
     <span class='ocr_line' id='line_1_13' title="bbox 0 1296 69 3432; baseline 0 0"><span class='ocrx_word' id='word_1_100' title='bbox 0 1296 69 3432; x_wconf 95' lang='lat' dir='ltr'> </span> 
     </span>
    </p>
   </div>
   <div class='ocr_carea' id='block_1_6' title="bbox 142 958 2031 3081">
    <p class='ocr_par' dir='ltr' id='par_1_6' title="bbox 273 958 2031 1233">
     <span class='ocr_line' id='line_1_14' title="bbox 394 958 2031 1013; baseline 0.007 -14"><span class='ocrx_word' id='word_1_101' title='bbox 394 958 451 1000; x_wconf 89' lang='lat' dir='ltr'>Et</span> <span class='ocrx_word' id='word_1_102' title='bbox 471 958 517 1000; x_wconf 90' lang='lat' dir='ltr'>in</span> <span class='ocrx_word' id='word_1_103' title='bbox 538 959 765 1013; x_wconf 74' lang='lat' dir='ltr'>premissis</span> <span class='ocrx_word' id='word_1_104' title='bbox 789 962 855 1002; x_wconf 90' lang='lat' dir='ltr'>est</span> <span class='ocrx_word' id='word_1_105' title='bbox 878 962 1048 1004; x_wconf 88' lang='lat' dir='ltr'>cautela</span> <span class='ocrx_word' id='word_1_106' title='bbox 1070 963 1149 1004; x_wconf 91' lang='lat' dir='ltr'>hec</span> <span class='ocrx_word' id='word_1_107' title='bbox 1170 965 1415 1006; x_wconf 88' lang='lat' dir='ltr'>necessario</span> <span class='ocrx_word' id='word_1_108' title='bbox 1449 968 1491 1007; x_wconf 91' lang='lat' dir='ltr'>et</span> <span class='ocrx_word' id='word_1_109' title='bbox 1513 967 1758 1009; x_wconf 89' lang='lat' dir='ltr'>omnimode</span> <span class='ocrx_word' id='word_1_110' title='bbox 1788 969 2031 1012; x_wconf 86' lang='lat' dir='ltr'>adhibenda</span> 
     </span>
     <span class='ocr_line' id='line_1_15' title="bbox 274 1031 2031 1091; baseline 0.006 -20"><span class='ocrx_word' id='word_1_111' title='bbox 274 1043 355 1084; x_wconf 92' lang='lat' dir='ltr'>per</span> <span class='ocrx_word' id='word_1_112' title='bbox 387 1044 477 1084; x_wconf 86' lang='lat' dir='ltr'>eos,</span> <span class='ocrx_word' id='word_1_113' title='bbox 521 1031 597 1085; x_wconf 90' lang='lat' dir='ltr'>qui</span> <span class='ocrx_word' id='word_1_114' title='bbox 629 1044 729 1073; x_wconf 90' lang='lat' dir='ltr'>cum</span> <span class='ocrx_word' id='word_1_115' title='bbox 761 1032 878 1075; x_wconf 91' lang='lat' dir='ltr'>bono</span> <span class='ocrx_word' id='word_1_116' title='bbox 911 1034 1140 1087; x_wconf 88' lang='lat' dir='ltr'>proposito</span> <span class='ocrx_word' id='word_1_117' title='bbox 1172 1035 1298 1076; x_wconf 90' lang='lat' dir='ltr'>ibunt</span> <span class='ocrx_word' id='word_1_118' title='bbox 1330 1036 1383 1077; x_wconf 89' lang='lat' dir='ltr'>ad</span> <span class='ocrx_word' id='word_1_119' title='bbox 1417 1038 1795 1091; x_wconf 85' lang='lat' dir='ltr'>congregacionem</span> <span class='ocrx_word' id='word_1_120' title='bbox 1818 1039 2031 1081; x_wconf 83' lang='lat' dir='ltr'>Constan-</span> 
     </span>
     <span class='ocr_line' id='line_1_16' title="bbox 275 1100 2030 1162; baseline 0.005 -20"><span class='ocrx_word' id='word_1_121' title='bbox 275 1100 468 1143; x_wconf 85' lang='lat' dir='ltr'>ciensem</span> <span class='ocrx_word' id='word_1_122' title='bbox 514 1102 603 1143; x_wconf 90' lang='lat' dir='ltr'>iam</span> <span class='ocrx_word' id='word_1_123' title='bbox 652 1103 826 1156; x_wconf 88' lang='lat' dir='ltr'>dictam,</span> <span class='ocrx_word' id='word_1_124' title='bbox 879 1105 956 1146; x_wconf 86' lang='lat' dir='ltr'>sed</span> <span class='ocrx_word' id='word_1_125' title='bbox 1003 1106 1175 1158; x_wconf 86' lang='lat' dir='ltr'>oportet</span> <span class='ocrx_word' id='word_1_126' title='bbox 1230 1107 1348 1159; x_wconf 85' lang='lat' dir='ltr'>quod</span> <span class='ocrx_word' id='word_1_127' title='bbox 1395 1109 1493 1148; x_wconf 88' lang='lat' dir='ltr'>ante</span> <span class='ocrx_word' id='word_1_128' title='bbox 1545 1109 1688 1150; x_wconf 90' lang='lat' dir='ltr'>omnia</span> <span class='ocrx_word' id='word_1_129' title='bbox 1738 1111 2030 1162; x_wconf 82' lang='lat' dir='ltr'>protestentur</span> 
     </span>
     <span class='ocr_line' id='line_1_17' title="bbox 273 1173 2025 1233; baseline 0.004 -19"><span class='ocrx_word' id='word_1_130' title='bbox 273 1173 452 1226; x_wconf 89' lang='lat' dir='ltr'>publice</span> <span class='ocrx_word' id='word_1_131' title='bbox 484 1175 528 1215; x_wconf 90' lang='lat' dir='ltr'>et</span> <span class='ocrx_word' id='word_1_132' title='bbox 560 1187 780 1228; x_wconf 85' lang='lat' dir='ltr'>expresse,</span> <span class='ocrx_word' id='word_1_133' title='bbox 815 1176 931 1229; x_wconf 90' lang='lat' dir='ltr'>quod</span> <span class='ocrx_word' id='word_1_134' title='bbox 966 1177 1245 1230; x_wconf 89' lang='lat' dir='ltr'>congregacio</span> <span class='ocrx_word' id='word_1_135' title='bbox 1278 1177 1354 1219; x_wconf 91' lang='lat' dir='ltr'>illa</span> <span class='ocrx_word' id='word_1_136' title='bbox 1385 1178 1737 1220; x_wconf 85' lang='lat' dir='ltr'>Constanciensis</span> <span class='ocrx_word' id='word_1_137' title='bbox 1760 1182 1808 1221; x_wconf 92' lang='lat' dir='ltr'>ut</span> <span class='ocrx_word' id='word_1_138' title='bbox 1828 1182 2025 1233; x_wconf 88' lang='lat' dir='ltr'>generale</span> 
     </span>
    </p>

    <p class='ocr_par' dir='ltr' id='par_1_7' title="bbox 206 1244 2031 1514">
     <span class='ocr_line' id='line_1_18' title="bbox 206 1244 2031 1302; baseline 0.002 -14"><span class='ocrx_word' id='word_1_139' title='bbox 206 1245 259 1288; x_wconf 89' lang='lat'>15</span> <span class='ocrx_word' id='word_1_140' title='bbox 286 1244 534 1297; x_wconf 89' lang='lat' dir='ltr'>concilium,</span> <span class='ocrx_word' id='word_1_141' title='bbox 569 1258 668 1287; x_wconf 91' lang='lat' dir='ltr'>cum</span> <span class='ocrx_word' id='word_1_142' title='bbox 701 1259 796 1287; x_wconf 87' lang='lat' dir='ltr'>esse</span> <span class='ocrx_word' id='word_1_143' title='bbox 829 1260 918 1288; x_wconf 91' lang='lat' dir='ltr'>non</span> <span class='ocrx_word' id='word_1_144' title='bbox 947 1247 1098 1300; x_wconf 87' lang='lat' dir='ltr'>possit,</span> <span class='ocrx_word' id='word_1_145' title='bbox 1132 1248 1380 1290; x_wconf 87' lang='lat' dir='ltr'>nullatenus</span> <span class='ocrx_word' id='word_1_146' title='bbox 1412 1249 1638 1302; x_wconf 85' lang='lat' dir='ltr'>habeatur,</span> <span class='ocrx_word' id='word_1_147' title='bbox 1671 1252 1746 1291; x_wconf 89' lang='lat' dir='ltr'>sed</span> <span class='ocrx_word' id='word_1_148' title='bbox 1770 1252 1867 1292; x_wconf 86' lang='lat' dir='ltr'>ante</span> <span class='ocrx_word' id='word_1_149' title='bbox 1891 1252 2031 1292; x_wconf 88' lang='lat' dir='ltr'>omnia</span> 
     </span>
     <span class='ocr_line' id='line_1_19' title="bbox 277 1316 2030 1374; baseline 0.002 -17"><span class='ocrx_word' id='word_1_150' title='bbox 277 1329 359 1370; x_wconf 90' lang='lat' dir='ltr'>per</span> <span class='ocrx_word' id='word_1_151' title='bbox 390 1316 451 1358; x_wconf 90' lang='lat' dir='ltr'>ibi</span> <span class='ocrx_word' id='word_1_152' title='bbox 484 1317 796 1358; x_wconf 82' lang='lat' dir='ltr'>convenientes</span> <span class='ocrx_word' id='word_1_153' title='bbox 835 1331 925 1359; x_wconf 93' lang='lat' dir='ltr'>non</span> <span class='ocrx_word' id='word_1_154' title='bbox 957 1319 1002 1359; x_wconf 93' lang='lat' dir='ltr'>ut</span> <span class='ocrx_word' id='word_1_155' title='bbox 1033 1318 1077 1359; x_wconf 90' lang='lat' dir='ltr'>in</span> <span class='ocrx_word' id='word_1_156' title='bbox 1110 1318 1289 1360; x_wconf 88' lang='lat' dir='ltr'>consilio</span> <span class='ocrx_word' id='word_1_157' title='bbox 1323 1320 1398 1360; x_wconf 90' lang='lat' dir='ltr'>sed</span> <span class='ocrx_word' id='word_1_158' title='bbox 1430 1321 1478 1361; x_wconf 91' lang='lat' dir='ltr'>ut</span> <span class='ocrx_word' id='word_1_159' title='bbox 1510 1320 1614 1361; x_wconf 86' lang='lat' dir='ltr'>alias</span> <span class='ocrx_word' id='word_1_160' title='bbox 1648 1320 1896 1374; x_wconf 86' lang='lat' dir='ltr'>simpliciter</span> <span class='ocrx_word' id='word_1_161' title='bbox 1928 1335 2030 1362; x_wconf 89' lang='lat' dir='ltr'>con-</span> 
     </span>
     <span class='ocr_line' id='line_1_20' title="bbox 274 1388 2030 1444; baseline 0.002 -16"><span class='ocrx_word' id='word_1_162' title='bbox 274 1388 476 1441; x_wconf 85' lang='lat' dir='ltr'>gregatos</span> <span class='ocrx_word' id='word_1_163' title='bbox 511 1389 564 1430; x_wconf 90' lang='lat' dir='ltr'>de</span> <span class='ocrx_word' id='word_1_164' title='bbox 597 1389 805 1442; x_wconf 88' lang='lat' dir='ltr'>predictis</span> <span class='ocrx_word' id='word_1_165' title='bbox 839 1389 1118 1442; x_wconf 85' lang='lat' dir='ltr'>deliberetur,</span> <span class='ocrx_word' id='word_1_166' title='bbox 1151 1391 1199 1431; x_wconf 89' lang='lat' dir='ltr'>ut</span> <span class='ocrx_word' id='word_1_167' title='bbox 1231 1389 1293 1430; x_wconf 90' lang='lat' dir='ltr'>sic</span> <span class='ocrx_word' id='word_1_168' title='bbox 1321 1391 1432 1431; x_wconf 90' lang='lat' dir='ltr'>male</span> <span class='ocrx_word' id='word_1_169' title='bbox 1459 1392 1580 1444; x_wconf 89' lang='lat' dir='ltr'>gesta</span> <span class='ocrx_word' id='word_1_170' title='bbox 1610 1404 1697 1432; x_wconf 90' lang='lat' dir='ltr'>non</span> <span class='ocrx_word' id='word_1_171' title='bbox 1729 1391 2030 1432; x_wconf 87' lang='lat' dir='ltr'>continuentur</span> 
     </span>
     <span class='ocr_line' id='line_1_21' title="bbox 273 1460 1509 1514; baseline 0.002 -15"><span class='ocrx_word' id='word_1_172' title='bbox 273 1471 355 1500; x_wconf 89' lang='lat' dir='ltr'>nec</span> <span class='ocrx_word' id='word_1_173' title='bbox 387 1460 691 1513; x_wconf 90' lang='lat' dir='ltr'>approbentur</span> <span class='ocrx_word' id='word_1_174' title='bbox 724 1461 802 1502; x_wconf 89' lang='lat' dir='ltr'>sed</span> <span class='ocrx_word' id='word_1_175' title='bbox 834 1460 1105 1514; x_wconf 88' lang='lat' dir='ltr'>corrigantur</span> <span class='ocrx_word' id='word_1_176' title='bbox 1138 1462 1179 1501; x_wconf 90' lang='lat' dir='ltr'>et</span> <span class='ocrx_word' id='word_1_177' title='bbox 1212 1461 1509 1502; x_wconf 88' lang='lat' dir='ltr'>emendentur.</span> 
     </span>
    </p>

    <p class='ocr_par' dir='ltr' id='par_1_8' title="bbox 395 1530 2029 1584">
     <span class='ocr_line' id='line_1_22' title="bbox 395 1530 2029 1584; baseline 0 -13"><span class='ocrx_word' id='word_1_178' title='bbox 395 1530 474 1572; x_wconf 88' lang='lat' dir='ltr'>Est</span> <span class='ocrx_word' id='word_1_179' title='bbox 507 1532 656 1573; x_wconf 85' lang='lat' dir='ltr'>autem</span> <span class='ocrx_word' id='word_1_180' title='bbox 689 1531 804 1572; x_wconf 90' lang='lat' dir='ltr'>dicto</span> <span class='ocrx_word' id='word_1_181' title='bbox 838 1532 1015 1573; x_wconf 90' lang='lat' dir='ltr'>domino</span> <span class='ocrx_word' id='word_1_182' title='bbox 1050 1531 1195 1572; x_wconf 88' lang='lat' dir='ltr'>comiti</span> <span class='ocrx_word' id='word_1_183' title='bbox 1214 1531 1459 1573; x_wconf 87' lang='lat' dir='ltr'>Armeniaci</span> <span class='ocrx_word' id='word_1_184' title='bbox 1493 1533 1534 1572; x_wconf 90' lang='lat' dir='ltr'>et</span> <span class='ocrx_word' id='word_1_185' title='bbox 1566 1532 1640 1583; x_wconf 86' lang='lat' dir='ltr'>eis,</span> <span class='ocrx_word' id='word_1_186' title='bbox 1675 1532 1727 1572; x_wconf 90' lang='lat' dir='ltr'>de</span> <span class='ocrx_word' id='word_1_187' title='bbox 1761 1531 1917 1584; x_wconf 87' lang='lat' dir='ltr'>quibus</span> <span class='ocrx_word' id='word_1_188' title='bbox 1949 1531 2029 1572; x_wconf 87' lang='lat' dir='ltr'>sibi</span> 
     </span>
    </p>

    <p class='ocr_par' dir='ltr' id='par_1_9' title="bbox 202 1601 2030 1942">
     <span class='ocr_line' id='line_1_23' title="bbox 202 1601 2030 1657; baseline -0.002 -13"><span class='ocrx_word' id='word_1_189' title='bbox 202 1603 261 1644; x_wconf 67' lang='grc' dir='ltr'>ΞΟ</span> <span class='ocrx_word' id='word_1_190' title='bbox 273 1601 509 1655; x_wconf 90' lang='lat' dir='ltr'>videbitur,</span> <span class='ocrx_word' id='word_1_191' title='bbox 532 1602 578 1644; x_wconf 91' lang='lat' dir='ltr'>in</span> <span class='ocrx_word' id='word_1_192' title='bbox 601 1604 769 1644; x_wconf 90' lang='lat' dir='ltr'>secreto</span> <span class='ocrx_word' id='word_1_193' title='bbox 804 1603 1122 1657; x_wconf 88' lang='lat' dir='ltr'>explicandum,</span> <span class='ocrx_word' id='word_1_194' title='bbox 1157 1603 1275 1656; x_wconf 88' lang='lat' dir='ltr'>quod</span> <span class='ocrx_word' id='word_1_195' title='bbox 1308 1602 1509 1643; x_wconf 85' lang='lat' dir='ltr'>dominus</span> <span class='ocrx_word' id='word_1_196' title='bbox 1539 1603 1686 1642; x_wconf 89' lang='lat' dir='ltr'>noster</span> <span class='ocrx_word' id='word_1_197' title='bbox 1707 1615 1786 1654; x_wconf 90' lang='lat' dir='ltr'>pro</span> <span class='ocrx_word' id='word_1_198' title='bbox 1809 1603 1930 1654; x_wconf 83' lang='lat' dir='ltr'>parte</span> <span class='ocrx_word' id='word_1_199' title='bbox 1953 1614 2030 1641; x_wconf 83' lang='lat' dir='ltr'>sua</span> 
     </span>
     <span class='ocr_line' id='line_1_24' title="bbox 272 1672 2029 1727; baseline -0.001 -14"><span class='ocrx_word' id='word_1_200' title='bbox 272 1672 464 1715; x_wconf 82' lang='lat' dir='ltr'>intendit</span> <span class='ocrx_word' id='word_1_201' title='bbox 504 1675 871 1726; x_wconf 88' lang='lat' dir='ltr'>condescendere,</span> <span class='ocrx_word' id='word_1_202' title='bbox 914 1675 1034 1727; x_wconf 90' lang='lat' dir='ltr'>quod</span> <span class='ocrx_word' id='word_1_203' title='bbox 1072 1674 1177 1714; x_wconf 86' lang='lat' dir='ltr'>citra</span> <span class='ocrx_word' id='word_1_204' title='bbox 1214 1673 1349 1726; x_wconf 83' lang='lat' dir='ltr'>Alpes</span> <span class='ocrx_word' id='word_1_205' title='bbox 1389 1673 1433 1713; x_wconf 92' lang='lat' dir='ltr'>in</span> <span class='ocrx_word' id='word_1_206' title='bbox 1478 1672 1578 1713; x_wconf 88' lang='lat' dir='ltr'>locis</span> <span class='ocrx_word' id='word_1_207' title='bbox 1617 1672 1814 1725; x_wconf 88' lang='lat' dir='ltr'>congruis</span> <span class='ocrx_word' id='word_1_208' title='bbox 1857 1673 1897 1711; x_wconf 82' lang='lat' dir='ltr'>et</span> <span class='ocrx_word' id='word_1_209' title='bbox 1928 1684 2029 1724; x_wconf 89' lang='lat' dir='ltr'>pro-</span> 
     </span>
     <span class='ocr_line' id='line_1_25' title="bbox 273 1742 2028 1799; baseline -0.002 -14"><span class='ocrx_word' id='word_1_210' title='bbox 273 1744 453 1798; x_wconf 90' lang='lat' dir='ltr'>pinquis</span> <span class='ocrx_word' id='word_1_211' title='bbox 496 1746 780 1799; x_wconf 83' lang='lat' dir='ltr'>congregacio</span> <span class='ocrx_word' id='word_1_212' title='bbox 825 1745 950 1786; x_wconf 87' lang='lat' dir='ltr'>fieret</span> <span class='ocrx_word' id='word_1_213' title='bbox 991 1744 1222 1786; x_wconf 87' lang='lat' dir='ltr'>cuiuslibet</span> <span class='ocrx_word' id='word_1_214' title='bbox 1260 1743 1395 1797; x_wconf 86' lang='lat' dir='ltr'>partis</span> <span class='ocrx_word' id='word_1_215' title='bbox 1436 1743 1480 1783; x_wconf 89' lang='lat' dir='ltr'>in</span> <span class='ocrx_word' id='word_1_216' title='bbox 1522 1742 1764 1783; x_wconf 86' lang='lat' dir='ltr'>confinibus</span> <span class='ocrx_word' id='word_1_217' title='bbox 1810 1755 1885 1782; x_wconf 80' lang='lat' dir='ltr'>sue</span> <span class='ocrx_word' id='word_1_218' title='bbox 1927 1742 2028 1781; x_wconf 90' lang='lat' dir='ltr'>obe-</span> 
     </span>
     <span class='ocr_line' id='line_1_26' title="bbox 273 1811 2027 1870; baseline -0.003 -14"><span class='ocrx_word' id='word_1_219' title='bbox 273 1815 456 1869; x_wconf 88' lang='lat' dir='ltr'>diencie,</span> <span class='ocrx_word' id='word_1_220' title='bbox 504 1817 583 1858; x_wconf 88' lang='lat' dir='ltr'>ubi</span> <span class='ocrx_word' id='word_1_221' title='bbox 622 1817 676 1858; x_wconf 89' lang='lat' dir='ltr'>de</span> <span class='ocrx_word' id='word_1_222' title='bbox 714 1829 822 1870; x_wconf 90' lang='lat' dir='ltr'>pace</span> <span class='ocrx_word' id='word_1_223' title='bbox 865 1816 1044 1858; x_wconf 87' lang='lat' dir='ltr'>ecclesie</span> <span class='ocrx_word' id='word_1_224' title='bbox 1086 1816 1267 1856; x_wconf 84' lang='lat' dir='ltr'>solerter</span> <span class='ocrx_word' id='word_1_225' title='bbox 1310 1815 1351 1855; x_wconf 91' lang='lat' dir='ltr'>et</span> <span class='ocrx_word' id='word_1_226' title='bbox 1381 1813 1595 1854; x_wconf 82' lang='lat' dir='ltr'>indefesse</span> <span class='ocrx_word' id='word_1_227' title='bbox 1635 1813 1901 1853; x_wconf 86' lang='lat' dir='ltr'>tractaretur.</span> <span class='ocrx_word' id='word_1_228' title='bbox 1965 1811 2027 1851; x_wconf 79' lang='lat' dir='ltr'>Ita</span> 
     </span>
     <span class='ocr_line' id='line_1_27' title="bbox 272 1880 2026 1942; baseline -0.005 -13"><span class='ocrx_word' id='word_1_229' title='bbox 272 1887 407 1941; x_wconf 86' lang='lat' dir='ltr'>quod,</span> <span class='ocrx_word' id='word_1_230' title='bbox 441 1887 477 1929; x_wconf 93' lang='lat' dir='ltr'>si</span> <span class='ocrx_word' id='word_1_231' title='bbox 509 1887 875 1942; x_wconf 89' lang='lat' dir='ltr'>impedimentum</span> <span class='ocrx_word' id='word_1_232' title='bbox 909 1901 961 1928; x_wconf 91' lang='lat' dir='ltr'>ex</span> <span class='ocrx_word' id='word_1_233' title='bbox 993 1885 1329 1940; x_wconf 86' lang='lat' dir='ltr'>congregacione</span> <span class='ocrx_word' id='word_1_234' title='bbox 1358 1884 1512 1926; x_wconf 85' lang='lat' dir='ltr'>Pisana</span> <span class='ocrx_word' id='word_1_235' title='bbox 1542 1882 1815 1936; x_wconf 83' lang='lat' dir='ltr'>proveniens,</span> <span class='ocrx_word' id='word_1_236' title='bbox 1849 1881 1962 1934; x_wconf 84' lang='lat' dir='ltr'>quod</span> <span class='ocrx_word' id='word_1_237' title='bbox 1983 1880 2026 1920; x_wconf 90' lang='lat' dir='ltr'>in</span> 
     </span>
    </p>

    <p class='ocr_par' dir='ltr' id='par_1_10' title="bbox 199 1950 2026 2298">
     <span class='ocr_line' id='line_1_28' title="bbox 199 1950 2026 2012; baseline -0.005 -12"><span class='ocrx_word' id='word_1_238' title='bbox 199 1960 254 2001; x_wconf 71' lang='lat'>25</span> <span class='ocrx_word' id='word_1_239' title='bbox 270 1971 510 2012; x_wconf 88' lang='lat' dir='ltr'>personam</span> <span class='ocrx_word' id='word_1_240' title='bbox 541 1958 753 2001; x_wconf 87' lang='lat' dir='ltr'>Johannis</span> <span class='ocrx_word' id='word_1_241' title='bbox 797 1959 1003 2012; x_wconf 84' lang='lat' dir='ltr'>antipape</span> <span class='ocrx_word' id='word_1_242' title='bbox 1045 1956 1281 2010; x_wconf 89' lang='lat' dir='ltr'>apponitur</span> <span class='ocrx_word' id='word_1_243' title='bbox 1313 1954 1601 1996; x_wconf 79' lang='lat' dir='ltr'>ecclesiastice</span> <span class='ocrx_word' id='word_1_244' title='bbox 1634 1952 1795 2004; x_wconf 90' lang='lat' dir='ltr'>unioni,</span> <span class='ocrx_word' id='word_1_245' title='bbox 1838 1964 1951 1992; x_wconf 87' lang='lat' dir='ltr'>nunc</span> <span class='ocrx_word' id='word_1_246' title='bbox 1982 1950 2026 1991; x_wconf 89' lang='lat' dir='ltr'>in</span> 
     </span>
     <span class='ocr_line' id='line_1_29' title="bbox 271 2021 2026 2085; baseline -0.006 -14"><span class='ocrx_word' id='word_1_247' title='bbox 271 2029 388 2071; x_wconf 90' lang='lat' dir='ltr'>dicta</span> <span class='ocrx_word' id='word_1_248' title='bbox 426 2031 769 2085; x_wconf 86' lang='lat' dir='ltr'>congregacione</span> <span class='ocrx_word' id='word_1_249' title='bbox 807 2028 1138 2071; x_wconf 84' lang='lat' dir='ltr'>Constanciensi</span> <span class='ocrx_word' id='word_1_250' title='bbox 1176 2028 1243 2068; x_wconf 84' lang='lat' dir='ltr'>vel</span> <span class='ocrx_word' id='word_1_251' title='bbox 1282 2026 1424 2067; x_wconf 88' lang='lat' dir='ltr'>saltim</span> <span class='ocrx_word' id='word_1_252' title='bbox 1466 2026 1568 2065; x_wconf 90' lang='lat' dir='ltr'>tunc</span> <span class='ocrx_word' id='word_1_253' title='bbox 1610 2023 1654 2064; x_wconf 92' lang='lat' dir='ltr'>in</span> <span class='ocrx_word' id='word_1_254' title='bbox 1695 2021 2026 2075; x_wconf 75' lang='lat' dir='ltr'>congregacione</span> 
     </span>
     <span class='ocr_line' id='line_1_30' title="bbox 270 2091 2024 2145; baseline -0.008 -1"><span class='ocrx_word' id='word_1_255' title='bbox 270 2101 527 2143; x_wconf 90' lang='lat' dir='ltr'>huiusmodi</span> <span class='ocrx_word' id='word_1_256' title='bbox 564 2101 714 2143; x_wconf 89' lang='lat' dir='ltr'>fienda</span> <span class='ocrx_word' id='word_1_257' title='bbox 751 2101 971 2142; x_wconf 89' lang='lat' dir='ltr'>mediante</span> <span class='ocrx_word' id='word_1_258' title='bbox 1009 2098 1177 2140; x_wconf 87' lang='lat' dir='ltr'>iusticia</span> <span class='ocrx_word' id='word_1_259' title='bbox 1216 2098 1435 2139; x_wconf 86' lang='lat' dir='ltr'>sublatum</span> <span class='ocrx_word' id='word_1_260' title='bbox 1466 2095 1608 2145; x_wconf 83' lang='lat' dir='ltr'>suerit,</span> <span class='ocrx_word' id='word_1_261' title='bbox 1653 2092 1792 2134; x_wconf 84' lang='lat' dir='ltr'>dictus</span> <span class='ocrx_word' id='word_1_262' title='bbox 1825 2091 2024 2132; x_wconf 84' lang='lat' dir='ltr'>dominus</span> 
     </span>
     <span class='ocr_line' id='line_1_31' title="bbox 271 2161 2026 2226; baseline -0.008 -13"><span class='ocrx_word' id='word_1_263' title='bbox 271 2174 422 2214; x_wconf 86' lang='lat' dir='ltr'>noster</span> <span class='ocrx_word' id='word_1_264' title='bbox 464 2174 550 2215; x_wconf 88' lang='lat' dir='ltr'>stat</span> <span class='ocrx_word' id='word_1_265' title='bbox 586 2173 633 2214; x_wconf 72' lang='lat' dir='ltr'>i]</span> <span class='ocrx_word' id='word_1_266' title='bbox 670 2172 797 2213; x_wconf 87' lang='lat' dir='ltr'>firmo</span> <span class='ocrx_word' id='word_1_267' title='bbox 830 2171 1058 2226; x_wconf 90' lang='lat' dir='ltr'>proposito</span> <span class='ocrx_word' id='word_1_268' title='bbox 1092 2167 1338 2222; x_wconf 87' lang='lat' dir='ltr'>complendi</span> <span class='ocrx_word' id='word_1_269' title='bbox 1370 2165 1527 2217; x_wconf 89' lang='lat' dir='ltr'>omnia,</span> <span class='ocrx_word' id='word_1_270' title='bbox 1573 2177 1655 2217; x_wconf 90' lang='lat' dir='ltr'>que</span> <span class='ocrx_word' id='word_1_271' title='bbox 1689 2176 1787 2204; x_wconf 91' lang='lat' dir='ltr'>cum</span> <span class='ocrx_word' id='word_1_272' title='bbox 1819 2161 2026 2220; x_wconf 80' lang='lat' dir='ltr'>antipapa</span> 
     </span>
     <span class='ocr_line' id='line_1_32' title="bbox 270 2231 2019 2298; baseline -0.009 -13"><span class='ocrx_word' id='word_1_273' title='bbox 270 2243 481 2298; x_wconf 88' lang='lat' dir='ltr'>Gregorio</span> <span class='ocrx_word' id='word_1_274' title='bbox 513 2243 686 2296; x_wconf 89' lang='lat' dir='ltr'>obtulit,</span> <span class='ocrx_word' id='word_1_275' title='bbox 720 2244 769 2285; x_wconf 93' lang='lat' dir='ltr'>ut</span> <span class='ocrx_word' id='word_1_276' title='bbox 800 2256 903 2285; x_wconf 86' lang='lat' dir='ltr'>vera</span> <span class='ocrx_word' id='word_1_277' title='bbox 936 2242 1038 2284; x_wconf 90' lang='lat' dir='ltr'>unio</span> <span class='ocrx_word' id='word_1_278' title='bbox 1067 2241 1112 2281; x_wconf 93' lang='lat' dir='ltr'>in</span> <span class='ocrx_word' id='word_1_279' title='bbox 1134 2239 1211 2281; x_wconf 91' lang='lat' dir='ltr'>Dei</span> <span class='ocrx_word' id='word_1_280' title='bbox 1243 2237 1423 2280; x_wconf 87' lang='lat' dir='ltr'>ecclesia</span> <span class='ocrx_word' id='word_1_281' title='bbox 1454 2234 1754 2288; x_wconf 86' lang='lat' dir='ltr'>subsequatur.</span> <span class='ocrx_word' id='word_1_282' title='bbox 1800 2232 1868 2272; x_wconf 91' lang='lat' dir='ltr'>Ad</span> <span class='ocrx_word' id='word_1_283' title='bbox 1891 2231 2019 2283; x_wconf 88' lang='lat' dir='ltr'>quod,</span> 
     </span>
    </p>

    <p class='ocr_par' dir='ltr' id='par_1_11' title="bbox 199 2300 2023 2585">
     <span class='ocr_line' id='line_1_33' title="bbox 199 2300 2022 2369; baseline -0.01 -11"><span class='ocrx_word' id='word_1_284' title='bbox 199 2316 256 2358; x_wconf 87' lang='lat'>30</span> <span class='ocrx_word' id='word_1_285' title='bbox 270 2314 385 2357; x_wconf 84' lang='lat' dir='ltr'>sicut</span> <span class='ocrx_word' id='word_1_286' title='bbox 414 2315 622 2369; x_wconf 88' lang='lat' dir='ltr'>preberet</span> <span class='ocrx_word' id='word_1_287' title='bbox 658 2314 893 2356; x_wconf 80' lang='lat' dir='ltr'>maximam</span> <span class='ocrx_word' id='word_1_288' title='bbox 933 2311 1320 2367; x_wconf 86' lang='lat' dir='ltr'>opportunitatem,</span> <span class='ocrx_word' id='word_1_289' title='bbox 1370 2307 1487 2361; x_wconf 88' lang='lat' dir='ltr'>quod</span> <span class='ocrx_word' id='word_1_290' title='bbox 1519 2305 1602 2346; x_wconf 91' lang='lat' dir='ltr'>sibi</span> <span class='ocrx_word' id='word_1_291' title='bbox 1633 2304 1677 2344; x_wconf 91' lang='lat' dir='ltr'>in</span> <span class='ocrx_word' id='word_1_292' title='bbox 1709 2301 1888 2344; x_wconf 88' lang='lat' dir='ltr'>Francia</span> <span class='ocrx_word' id='word_1_293' title='bbox 1920 2300 2022 2340; x_wconf 89' lang='lat' dir='ltr'>obe-</span> 
     </span>
     <span class='ocr_line' id='line_1_34' title="bbox 270 2371 2023 2438; baseline -0.011 -9"><span class='ocrx_word' id='word_1_294' title='bbox 270 2385 444 2427; x_wconf 85' lang='lat' dir='ltr'>diencia</span> <span class='ocrx_word' id='word_1_295' title='bbox 481 2386 799 2438; x_wconf 88' lang='lat' dir='ltr'>restitueretur,</span> <span class='ocrx_word' id='word_1_296' title='bbox 841 2384 902 2426; x_wconf 90' lang='lat' dir='ltr'>ita</span> <span class='ocrx_word' id='word_1_297' title='bbox 933 2382 1146 2438; x_wconf 87' lang='lat' dir='ltr'>prestabit</span> <span class='ocrx_word' id='word_1_298' title='bbox 1186 2381 1422 2422; x_wconf 84' lang='lat' dir='ltr'>maximum</span> <span class='ocrx_word' id='word_1_299' title='bbox 1461 2375 1830 2429; x_wconf 89' lang='lat' dir='ltr'>impedimentum,</span> <span class='ocrx_word' id='word_1_300' title='bbox 1870 2371 1904 2411; x_wconf 86' lang='lat' dir='ltr'>si</span> <span class='ocrx_word' id='word_1_301' title='bbox 1938 2382 2023 2410; x_wconf 89' lang='lat' dir='ltr'>non</span> 
     </span>
     <span class='ocr_line' id='line_1_35' title="bbox 268 2440 2023 2510; baseline -0.011 -13"><span class='ocrx_word' id='word_1_302' title='bbox 268 2455 359 2509; x_wconf 84' lang='lat' dir='ltr'>fiat,</span> <span class='ocrx_word' id='word_1_303' title='bbox 400 2457 469 2498; x_wconf 91' lang='lat' dir='ltr'>vel</span> <span class='ocrx_word' id='word_1_304' title='bbox 502 2457 670 2510; x_wconf 88' lang='lat' dir='ltr'>aliquid</span> <span class='ocrx_word' id='word_1_305' title='bbox 709 2457 756 2498; x_wconf 90' lang='lat' dir='ltr'>in</span> <span class='ocrx_word' id='word_1_306' title='bbox 789 2455 1130 2510; x_wconf 89' lang='lat' dir='ltr'>congregacione</span> <span class='ocrx_word' id='word_1_307' title='bbox 1163 2446 1508 2499; x_wconf 85' lang='lat' dir='ltr'>Constanciensi,</span> <span class='ocrx_word' id='word_1_308' title='bbox 1554 2445 1670 2499; x_wconf 90' lang='lat' dir='ltr'>quod</span> <span class='ocrx_word' id='word_1_309' title='bbox 1702 2443 1816 2484; x_wconf 89' lang='lat' dir='ltr'>dicto</span> <span class='ocrx_word' id='word_1_310' title='bbox 1849 2440 2023 2482; x_wconf 88' lang='lat' dir='ltr'>domino</span> 
     </span>
     <span class='ocr_line' id='line_1_36' title="bbox 272 2526 1951 2585; baseline -0.002 -17"><span class='ocrx_word' id='word_1_311' title='bbox 272 2528 426 2569; x_wconf 89' lang='lat' dir='ltr'>nostro</span> <span class='ocrx_word' id='word_1_312' title='bbox 460 2527 622 2580; x_wconf 89' lang='lat' dir='ltr'>obviet,</span> <span class='ocrx_word' id='word_1_313' title='bbox 656 2526 906 2569; x_wconf 87' lang='lat' dir='ltr'>innovetur.</span> <span class='ocrx_word' id='word_1_314' title='bbox 1944 2578 1951 2585; x_wconf 40' lang='lat'><strong>·</strong></span> 
     </span>
    </p>

    <p class='ocr_par' dir='ltr' id='par_1_12' title="bbox 388 2582 2023 2652">
     <span class='ocr_line' id='line_1_37' title="bbox 388 2582 2023 2652; baseline -0.011 -12"><span class='ocrx_word' id='word_1_315' title='bbox 388 2598 444 2639; x_wconf 87' lang='lat' dir='ltr'>Et</span> <span class='ocrx_word' id='word_1_316' title='bbox 483 2598 589 2652; x_wconf 92' lang='lat' dir='ltr'>quia</span> <span class='ocrx_word' id='word_1_317' title='bbox 629 2597 765 2651; x_wconf 85' lang='lat' dir='ltr'>aliqui</span> <span class='ocrx_word' id='word_1_318' title='bbox 811 2596 1003 2651; x_wconf 91' lang='lat' dir='ltr'>imperiti</span> <span class='ocrx_word' id='word_1_319' title='bbox 1048 2594 1116 2636; x_wconf 92' lang='lat' dir='ltr'>vel</span> <span class='ocrx_word' id='word_1_320' title='bbox 1159 2589 1365 2634; x_wconf 85' lang='lat' dir='ltr'>maliciosi</span> <span class='ocrx_word' id='word_1_321' title='bbox 1408 2586 1596 2637; x_wconf 88' lang='lat' dir='ltr'>movent,</span> <span class='ocrx_word' id='word_1_322' title='bbox 1643 2582 1761 2636; x_wconf 92' lang='lat' dir='ltr'>quod</span> <span class='ocrx_word' id='word_1_323' title='bbox 1798 2594 1876 2634; x_wconf 83' lang='lat' dir='ltr'>pel·</span> <span class='ocrx_word' id='word_1_324' title='bbox 1913 2590 2023 2619; x_wconf 77' lang='lat' dir='ltr'>vmm</span> 
     </span>
    </p>

    <p class='ocr_par' dir='ltr' id='par_1_13' title="bbox 142 2649 2023 3008">
     <span class='ocr_line' id='line_1_38' title="bbox 142 2649 2023 2729; baseline -0.013 -17"><span class='ocrx_word' id='word_1_325' title='bbox 142 2659 144 2662; x_wconf 66' lang='lat'>‚</span> <span class='ocrx_word' id='word_1_326' title='bbox 199 2670 254 2713; x_wconf 85' lang='lat'>35</span> <span class='ocrx_word' id='word_1_327' title='bbox 270 2668 624 2711; x_wconf 80' lang='lat' dir='ltr'>renunciaciom&#39;s</span> <span class='ocrx_word' id='word_1_328' title='bbox 651 2682 768 2723; x_wconf 90' lang='lat' dir='ltr'>pape</span> <span class='ocrx_word' id='word_1_329' title='bbox 794 2669 839 2710; x_wconf 90' lang='lat' dir='ltr'>et</span> <span class='ocrx_word' id='word_1_330' title='bbox 861 2668 1051 2709; x_wconf 90' lang='lat' dir='ltr'>duorum</span> <span class='ocrx_word' id='word_1_331' title='bbox 1072 2662 1417 2706; x_wconf 81' lang='lat' dir='ltr'>adversariorum</span> <span class='ocrx_word' id='word_1_332' title='bbox 1439 2668 1617 2699; x_wconf 89' lang='lat' dir='ltr'>suorum</span> <span class='ocrx_word' id='word_1_333' title='bbox 1640 2649 2023 2729; x_wconf 39' lang='lat' dir='ltr'>cicius-haberetur</span> 
     </span>
     <span class='ocr_line' id='line_1_39' title="bbox 268 2717 2020 2797; baseline -0.015 -14"><span class='ocrx_word' id='word_1_334' title='bbox 268 2739 389 2793; x_wconf 89' lang='lat' dir='ltr'>unio,</span> <span class='ocrx_word' id='word_1_335' title='bbox 438 2739 674 2782; x_wconf 90' lang='lat' dir='ltr'>dicendum</span> <span class='ocrx_word' id='word_1_336' title='bbox 714 2739 781 2780; x_wconf 87' lang='lat' dir='ltr'>est</span> <span class='ocrx_word' id='word_1_337' title='bbox 822 2738 938 2780; x_wconf 91' lang='lat' dir='ltr'>dicto</span> <span class='ocrx_word' id='word_1_338' title='bbox 980 2736 1171 2785; x_wconf 83' lang='lat' dir='ltr'>domino,</span> <span class='ocrx_word' id='word_1_339' title='bbox 1204 2732 1322 2786; x_wconf 85' lang='lat' dir='ltr'>quod</span> <span class='ocrx_word' id='word_1_340' title='bbox 1358 2731 1440 2771; x_wconf 91' lang='lat' dir='ltr'>hoc</span> <span class='ocrx_word' id='word_1_341' title='bbox 1471 2727 1535 2768; x_wconf 89' lang='lat' dir='ltr'>est</span> <span class='ocrx_word' id='word_1_342' title='bbox 1566 2721 1843 2797; x_wconf 79' lang='lat' dir='ltr'>imposslblle,</span> <span class='ocrx_word' id='word_1_343' title='bbox 1891 2717 2020 2792; x_wconf 77' lang='lat' dir='ltr'>quod,</span> 
     </span>
     <span class='ocr_line' id='line_1_40' title="bbox 268 2790 2020 2864; baseline -0.015 -10"><span class='ocrx_word' id='word_1_344' title='bbox 268 2824 361 2853; x_wconf 92' lang='lat' dir='ltr'>non</span> <span class='ocrx_word' id='word_1_345' title='bbox 398 2811 547 2857; x_wconf 89' lang='lat' dir='ltr'>amoto</span> <span class='ocrx_word' id='word_1_346' title='bbox 585 2809 814 2852; x_wconf 88' lang='lat' dir='ltr'>obstaculo</span> <span class='ocrx_word' id='word_1_347' title='bbox 857 2822 936 2850; x_wconf 90' lang='lat' dir='ltr'>seu</span> <span class='ocrx_word' id='word_1_348' title='bbox 982 2804 1295 2860; x_wconf 88' lang='lat' dir='ltr'>impedimento</span> <span class='ocrx_word' id='word_1_349' title='bbox 1335 2797 1514 2853; x_wconf 89' lang='lat' dir='ltr'>prestito</span> <span class='ocrx_word' id='word_1_350' title='bbox 1548 2794 1681 2843; x_wconf 73' lang='lat' dir='ltr'>Pisis,v</span> <span class='ocrx_word' id='word_1_351' title='bbox 1719 2790 1876 2864; x_wconf 42' lang='lat' dir='ltr'>poss1t·</span> <span class='ocrx_word' id='word_1_352' title='bbox 1899 2798 2020 2838; x_wconf 85' lang='lat' dir='ltr'>seqm</span> 
     </span>
     <span class='ocr_line' id='line_1_41' title="bbox 269 2856 2019 2937; baseline -0.018 -11"><span class='ocrx_word' id='word_1_353' title='bbox 269 2882 375 2925; x_wconf 87' lang='lat' dir='ltr'>unio</span> <span class='ocrx_word' id='word_1_354' title='bbox 404 2895 486 2937; x_wconf 90' lang='lat' dir='ltr'>per</span> <span class='ocrx_word' id='word_1_355' title='bbox 506 2880 893 2924; x_wconf 89' lang='lat' dir='ltr'>renunciacionem</span> <span class='ocrx_word' id='word_1_356' title='bbox 916 2877 1111 2920; x_wconf 90' lang='lat' dir='ltr'>omnium</span> <span class='ocrx_word' id='word_1_357' title='bbox 1131 2875 1275 2916; x_wconf 87' lang='lat' dir='ltr'>trium.</span> <span class='ocrx_word' id='word_1_358' title='bbox 1328 2870 1451 2911; x_wconf 90' lang='lat' dir='ltr'>Tunc</span> <span class='ocrx_word' id='word_1_359' title='bbox 1473 2865 1586 2919; x_wconf 90' lang='lat' dir='ltr'>quia,</span> <span class='ocrx_word' id='word_1_360' title='bbox 1620 2862 1655 2903; x_wconf 90' lang='lat' dir='ltr'>si</span> <span class='ocrx_word' id='word_1_361' title='bbox 1676 2873 1791 2914; x_wconf 89' lang='lat' dir='ltr'>papa</span> <span class='ocrx_word' id='word_1_362' title='bbox 1813 2856 2019 2931; x_wconf 76' lang='lat' dir='ltr'>existente</span> 
     </span>
     <span class='ocr_line' id='line_1_42' title="bbox 270 2936 2018 3008; baseline -0.009 -11"><span class='ocrx_word' id='word_1_363' title='bbox 270 2952 679 3008; x_wconf 87' lang='lat' dir='ltr'>condempnacione</span> <span class='ocrx_word' id='word_1_364' title='bbox 717 2951 879 3005; x_wconf 88' lang='lat' dir='ltr'>Pisana</span> <span class='ocrx_word' id='word_1_365' title='bbox 910 2949 964 2991; x_wconf 91' lang='lat' dir='ltr'>de</span> <span class='ocrx_word' id='word_1_366' title='bbox 1001 2945 1142 2988; x_wconf 83' lang='lat' dir='ltr'>heresi</span> <span class='ocrx_word' id='word_1_367' title='bbox 1183 2943 1335 2985; x_wconf 88' lang='lat' dir='ltr'>contra</span> <span class='ocrx_word' id='word_1_368' title='bbox 1374 2947 1606 2992; x_wconf 87' lang='lat' dir='ltr'>personam</span> <span class='ocrx_word' id='word_1_369' title='bbox 1646 2943 1781 2981; x_wconf 78' lang='lat' dir='ltr'>suam,</span> <span class='ocrx_word' id='word_1_370' title='bbox 1825 2936 2018 3002; x_wconf 46' lang='lat' dir='ltr'>qualum</span> 
     </span>
    </p>

    <p class='ocr_par' dir='ltr' id='par_1_14' title="bbox 198 2993 2018 3081">
     <span class='ocr_line' id='line_1_43' title="bbox 198 2993 2018 3081; baseline -0.02 -12"><span class='ocrx_word' id='word_1_371' title='bbox 198 3026 255 3072; x_wconf 85' lang='lat'>35</span> <span class='ocrx_word' id='word_1_372' title='bbox 271 3024 388 3070; x_wconf 89' lang='lat' dir='ltr'>dicta</span> <span class='ocrx_word' id='word_1_373' title='bbox 427 3022 773 3081; x_wconf 89' lang='lat' dir='ltr'>condempnacio</span> <span class='ocrx_word' id='word_1_374' title='bbox 820 3021 863 3063; x_wconf 89' lang='lat' dir='ltr'>et</span> <span class='ocrx_word' id='word_1_375' title='bbox 893 3019 979 3063; x_wconf 89' lang='lat' dir='ltr'>alia</span> <span class='ocrx_word' id='word_1_376' title='bbox 1014 3016 1176 3061; x_wconf 90' lang='lat' dir='ltr'>ibidem</span> <span class='ocrx_word' id='word_1_377' title='bbox 1206 3012 1320 3055; x_wconf 85' lang='lat' dir='ltr'>facta</span> <span class='ocrx_word' id='word_1_378' title='bbox 1349 3008 1435 3051; x_wconf 87' lang='lat' dir='ltr'>sint</span> <span class='ocrx_word' id='word_1_379' title='bbox 1465 3004 1584 3047; x_wconf 88' lang='lat' dir='ltr'>nulla</span> <span class='ocrx_word' id='word_1_380' title='bbox 1614 3002 1708 3054; x_wconf 91' lang='lat' dir='ltr'>etc.,</span> <span class='ocrx_word' id='word_1_381' title='bbox 1749 2993 2018 3040; x_wconf 71' lang='lat' dir='ltr'>renunciaret</span> 
     </span>
    </p>
   </div>
  </div>
 </body>
</html>
