2216 3432
487 167 530 202 D.
571 166 786 213 sigismund,
811 170 1031 216 Frankreich,
1057 174 1216 221 England
1240 179 1311 212 und
1337 179 1398 214 das
1424 181 1557 217 Konzil.
1607 184 1663 220 Nr.
1694 186 1767 223 110.
1917 178 1998 220 389

264 273 495 329 pietatem,
524 274 780 328 patientiam
805 278 846 318 et
868 281 1256 336 mansuetudinem,
1288 285 1492 329 habuisse
1522 290 1732 332 convincit
1753 293 1794 333 et
1816 294 2000 346 amplec-

263 344 373 388 titur
405 377 414 387 .
441 379 448 387 .
475 379 483 387 .
519 346 657 388 Prout
688 347 820 388 etiam
850 351 1122 392 venerabiles
1151 353 1354 399 dominil)
1379 358 1456 398 etc.
1482 359 1604 401 amici
1627 362 1759 402 nostri
1782 363 2000 415 predilecti

265 417 310 459 et
345 416 481 459 vestri
517 417 701 459 honoris
740 420 1092 475 ambassiatores,
1124 425 1254 466 vestri
1297 426 1501 469 relatores
1533 429 1687 483 eximii,
1719 444 1812 472 cum
1844 433 1999 486 quibus

265 501 401 543 super
437 489 623 531 materia
662 489 913 532 huiusmodi
945 493 1195 535 collationes
1226 508 1304 548 pro
1338 498 1591 540 evidentiori
1622 489 1999 543 nostra'informa-

223 558 385 602 5tione
406 559 578 602 vicibus
611 560 776 602 iteratis
808 561 1002 617 fecimus,
1034 577 1114 605 nos
1136 565 1243 607 vivis
1276 567 1479 608 relatibus
1512 569 1563 610 de
1594 570 1833 612 sinceritate
1864 575 2000 614 vestre

263 630 521 673 intentionis
554 631 728 686 plenius
759 632 1061 687 informarunt,
1093 649 1170 677 vos
1202 636 1293 678 iure
1328 638 1585 680 hereditario
1618 640 1671 680 ad
1702 654 1777 681 vos
1810 642 1861 682 ab
1895 642 2002 683 anti-

264 715 354 756 quo
376 702 702 756 pertinentibus
740 703 905 746 instare
938 706 981 746 et
1013 706 1309 748 adversarium
1339 709 1529 750 vestrum
1562 709 1737 751 Francie
1760 712 2002 752 monitioni-

262 774 348 816 bus
386 776 429 816 et
466 774 845 816 exhortationibus
884 776 1120 818 caritativis
1157 790 1238 831 pro
1270 778 1539 819 restitutione
1572 780 1730 821 inrium
1762 781 2003 822 huiusmodi

262 845 526 901 plerumque
579 845 847 900 prevenisse,
900 847 990 901 uta)
1042 847 1283 890 litterarum
1333 849 1524 902 ipsarum
1575 849 1708 891 series
1755 852 1795 891 et
1843 852 2004 893 adiecta

197 917 251 959 10
264 917 440 960 collatio
473 917 602 958 simul
636 918 679 959 et
710 917 1046 960 communicatio
1080 918 1314 972 superinde
1347 920 1530 961 deducta
1561 920 1750 973 ipsorum
1773 922 2005 963 ambassia-

262 991 411 1031 torum
448 989 697 1031 vestrorum
736 988 850 1030 clare
888 990 930 1030 et
962 989 1139 1043 limpide
1177 990 1390 1043 patefecit.
1460 991 1589 1032 Novit
1620 1004 1773 1045 nempe
1810 991 1891 1043 ille,
1932 993 2003 1045 qui

263 1061 325 1103 nil
364 1061 551 1114 ignorat,
585 1059 661 1113 qui
695 1061 912 1101 scrutator
943 1062 1008 1102 est
1041 1061 1235 1102 cordium
1268 1062 1309 1102 et
1341 1061 1536 1102 conscius
1569 1063 1843 1113 secretorum,
1876 1063 2005 1115 quod,

263 1133 366 1174 licet
398 1132 453 1173 de
487 1131 619 1173 corde
652 1143 778 1184 puro,
813 1131 1083 1172 conscientia
1114 1132 1229 1172 bona
1261 1133 1303 1172 et
1333 1131 1419 1173 fide
1452 1145 1538 1172 non
1569 1132 1668 1172 ficta
1701 1132 2005 1174 fraternitatem

263 1204 430 1258 regiam
461 1204 654 1245 vestram
687 1202 905 1255 diligimus
938 1203 981 1243 et
1014 1203 1068 1243 ad
1100 1203 1324 1254 honorem,
1357 1202 1596 1255 profectum
1629 1204 1670 1243 et
1698 1202 2006 1244 incrementum

196 1273 248 1316 15
263 1276 460 1318 vestrum
493 1270 935 1326 exaltationemqueb)
968 1273 1086 1325 regni
1115 1273 1245 1314 vestri
1268 1272 1498 1315 efficaciter
1520 1274 1562 1314 et
1584 1273 1774 1314 affluenti
1799 1273 2007 1314 desiderio

264 1346 528 1401 aspiramus,
561 1346 896 1398 verumptamen
931 1358 982 1386 ex
1015 1344 1161 1385 divina
1193 1344 1424 1385 dilectione
1457 1345 1666 1395 tenemus,
1700 1344 1813 1396 quod
1844 1343 2006 1396 pulchri

264 1418 368 1460 sunt
409 1417 548 1473 pedes
592 1415 997 1469 ewangelizantium
1041 1428 1207 1468 pacem,
1254 1413 1648 1467 ewangelizantium
1689 1414 1815 1465 bona,
1855 1426 1905 1454 ex
1936 1414 2006 1453 illo

264 1489 485 1543 siquidem
515 1486 687 1541 pacifici
719 1486 831 1541 regis
865 1486 1005 1528 eterni
1028 1486 1224 1539 exemplo
1248 1485 1408 1537 confisi,
1432 1485 1520 1537 qui,
1545 1486 1590 1525 ut
1612 1485 1728 1524 novit
1755 1484 1866 1535 regia
1889 1484 2007 1524 celsi-

262 1560 393 1612 tudo,
434 1559 556 1612 quod
597 1559 711 1600 inter
748 1557 868 1611 ipsas
912 1557 1125 1598 dominice
1167 1556 1400 1597 nativitatis
1438 1555 1645 1608 primitias
1683 1567 1831 1606 pacem
1871 1554 2004 1606 angeli

192 1631 380 1674 achone
421 1630 661 1672 voluntatis
700 1628 951 1671 hominibus
1000 1615 1308 1681 11U11tia1·u11t<²),
1347 1625 1603 1667 transiturus
1653 1624 1705 1665 de
1747 1625 1907 1664 mundo
1953 1623 2005 1663 ad

263 1704 436 1757 patrem
491 1715 647 1756 pacem
703 1700 748 1741 in
792 1699 1029 1752 discipulos
1082 1697 1338 1740 hereditario
1387 1697 1478 1738 iure
1527 1694 1757 1736 transfudit
1807 1694 2005 1746 illamque

263 1773 470 1815 fidelibus
493 1772 601 1827 ipsis
625 1771 753 1825 quasi
775 1771 975 1813 ultimum
997 1769 1304 1810 testamentum
1327 1767 1557 1809 conficiens
1580 1765 1761 1818 reliquit,
1789 1763 2005 1816 inquiens;

266 1843 416 1886 Pacem
455 1859 587 1885 meam
629 1843 680 1883 do
716 1841 841 1891 vobis,
875 1855 1019 1896 pacem
1061 1840 1237 1893 relinquo
1272 1837 1426 1891 vobis2)
1459 1839 1501 1878 et
1532 1837 1590 1887 ut,
1629 1835 1744 1888 quod
1776 1833 2006 1875 moriturus

264 1917 446 1969 dixerat,
480 1915 766 1969 postmodum
798 1911 1040 1954 inmortalis
1069 1911 1167 1964 post
1199 1909 1556 1950 resurrectionem
1573 1904 1699 1946 ¹suam
1723 1904 2004 1953 confirmaret,

191 1987 247 2029 25
262 1989 346 2030 hac
386 1987 578 2041 primum
615 1999 723 2027 voce
763 1984 818 2025 ad
861 1982 1095 2035 discipulos
1134 1994 1237 2022 usus
1280 1979 1359 2020 fuit
1390 1977 1528 2018 ianuis
1561 1975 1734 2017 clausis:
1782 1972 1870 2013 Pam
1901 1971 2007 2012 robis

263 2066 301 2101 et
320 2060 470 2100 iterum
491 2057 618 2097 dimit.-
632 2070 723 2111 peza:
748 2054 917 2108 vobe58.3)
980 2053 1045 2094 Ne
1067 2051 1206 2105 igitur,
1240 2049 1313 2103 qui
1336 2061 1482 2090 sumus
1504 2045 1739 2088 secundum
1762 2042 2004 2097 apostolum

261 2130 425 2172 heredes
443 2127 535 2178 Dei,
570 2126 781 2168 coheredes
814 2132 945 2166 autem
980 2120 1188 2176 Clmtstz'st)
1221 2120 1364 2162 relicte
1387 2118 1511 2159 nobis
1534 2115 1779 2158 hereditatis
1803 2112 2004 2154 exhibea-

263 2215 362 2244 mus
409 2214 491 2242 nos
538 2199 743 2252 indignos
792 2198 834 2239 et
880 2195 1028 2249 gratie,
1080 2206 1212 2246 quam
1258 2188 1579 2232 habundantius
1626 2186 1669 2226 in
1715 2197 1793 2224 nos
1841 2181 2003 2230 effudit,

264 2272 552 2315 ostendamus
584 2270 792 2323 ingratos,
826 2279 978 2321 pacem
1011 2264 1208 2306 nuntiare
1241 2264 1436 2303 tenemur
1463 2258 1507 2299 in
1529 2256 1626 2298 filiis
1648 2255 1779 2309 pacis,
1811 2255 1857 2293 ut
1879 2264 2006 2303 snper

193 2344 338 2386 30eos
385 2356 472 2397 pax
519 2340 763 2383 secundum
808 2338 991 2379 verbum
1037 2332 1343 2387 ewangelicum
1395 2328 1636 2382 requiescat
1686 2325 1727 2366 et
1773 2322 2006 2364 secundnm

262 2413 547 2469 prophetam:
596 2409 763 2465 [πρηὺ-6
803 2422 946 2464 pacem
991 2414 1027 2447 et
1066 2417 1222 2459 sequere
1259 2416 1358 2450 eam,
1410 2401 1452 2440 et
1489 2408 1673 2439 rursum:
1716 2391 1813 2433 Fiat
1843 2405 1930 2446 paae
1964 2391 2005 2428 in

262 2486 410 2525 virtute
449 2490 520 2524 tua
565 2489 604 2523 et
639 2479 927 2521 habundantia
965 2479 1009 2517 in
1047 2473 1228 2516 turribus
1266 2470 1406 2525 tuis.⁵)
1469 2469 1561 2510 Hec
1590 2478 1690 2507 vero
1722 2463 1840 2504 tanto
1873 2458 2005 2501 confi-

264 2555 442 2598 dentius
480 2553 595 2596 circa
634 2553 827 2594 vestram
863 2549 1025 2602 regiam
1063 2543 1356 2586 serentitatem
1389 2538 1652 2591 exequimur,
1685 2534 1845 2586 quanto
1878 2540 2005 2581 super

384 2754 414 2788 a)
435 2753 469 2781 et
488 2753 525 2780 Β.
597 2751 630 2786 b)
652 2748 893 2778 exultationem
913 2747 949 2774 Β.
1021 2744 1048 2778 c)
1070 2742 1157 2777 Folyt
1177 2737 1362 2773 iiber-fluens]
1380 2737 1421 2763 et.

196 2828 250 2871 35
388 2825 415 2870 ¹)
443 2824 512 2859 Die
539 2822 741 2869 enyliseleen
765 2815 1112 2862 Konzilsyesanclten.

386 2885 414 2928 ⁵)
438 2883 616 2917 Jolzannes
644 2880 700 2924 14,
725 2878 782 2914 27.

386 2944 413 2989 ⁸)
442 2943 514 2978 Aue
540 2941 656 2976 Lucas
682 2938 739 2982 24,
763 2937 820 2971 36.

386 3003 415 3048 ⁴)
441 3002 516 3036 Aua
542 2999 658 3047 Epist.
684 2997 789 3032 Pauli
813 2994 860 3029 ad
883 2994 1056 3028 Romanos
1082 2988 1118 3032 8,
1143 2985 1197 3021 17.

386 3062 415 3108 ⁶)
439 3060 559 3096 Psalm
583 3057 642 3103 33,
667 3056 714 3092 15
737 3054 808 3090 und
830 3051 910 3097 121,
937 3049 967 3086 7.
