2216 3432
244 154 330 200 400
571 165 632 200 111.
660 164 859 200 Abschnitt.
909 161 1182 210 vorgeschichte
1208 160 1269 198 des
1294 161 1519 201 Konstanzer
1542 161 1703 201 Konzns.

244 275 568 328 Crissoloras,¹³)
607 272 731 314 miles
764 271 1282 325 Constantinopolitanus
1323 273 1368 313 et
1405 284 1552 314 comes
1591 271 1829 327 palatinus,
1869 274 2018 316 vester

243 345 534 388 ambassiator
579 357 604 384 a
635 345 781 385 vestra
814 342 1119 396 magnitudine
1152 355 1232 395 pro
1265 342 1395 384 certis
1427 343 1617 397 negotiis
1648 342 1820 385 felicem
1852 345 2018 387 statum

244 418 452 467 vestrum,
495 428 593 468 ymo
635 414 772 456 totius
811 412 1147 455 christianitatis
1188 414 1562 455 concernentibus
1604 413 1660 456 ad
1691 416 1844 456 nostre
1882 413 2017 462 maie-

246 487 372 529 statis
405 486 690 539 conspectum
727 484 990 533 destinatus,
1022 483 1089 525 vir
1123 483 1276 537 utique
1308 483 1553 526 industrius
1586 486 1630 525 et
1653 484 1850 536 sedulus,
1882 485 2018 527 vestri

244 558 405 599 zelator
452 556 644 605 honoris,
693 556 748 596 ad
797 555 932 596 vestri
983 554 1289 596 exaltationem
1341 554 1531 596 nominis
1579 556 1623 596 et
1671 555 2058 609 longanimitatis5

244 631 387 671 vestre
437 627 609 669 laudem
659 626 702 667 in
742 627 892 667 nostra
933 627 976 666 et
1016 625 1317 679 principum1)
1369 627 1616 667 nostrorum
1664 626 2018 669 consiliariorum

244 698 470 753 presentia
502 694 829 750 constitutus.'’)
884 697 1002 737 Inter
1034 697 1119 738 alia
1154 709 1346 749 namque
1380 696 1531 739 inclita
1565 696 1840 739 celsitudinis
1874 699 2018 740 vestre

245 783 294 811 ac
318 768 642 824 progenitorum
666 768 914 808 vestrorum
939 767 1108 815 merita,
1143 780 1229 820 que
1252 766 1439 808 secunde
1463 767 1682 809 recensuit
1694 770 1725 820 c)
1750 769 1794 809 et
1815 767 2017 821 facunde,

244 841 487 894 prudenter
529 838 726 887 asseruit,
770 851 847 878 vos
888 838 1168 879 devotionem
1213 838 1430 880 sinceram
1463 839 1505 879 et
1537 837 1829 880 intentionem
1861 852 2019 893 puram

245 914 288 952 et
320 912 595 952 constantem
636 922 737 961 erga
777 909 916 950 Deum
956 911 998 950 et
1042 910 1368 950 sacrosanctam
1409 908 1671 950 militantem
1710 909 1942 952 ecclesiam
1975 911 2018 952 et
2036 910 2091 952 10

244 981 374 1023 fidem
407 980 690 1021 christianam
724 980 995 1021 incessanter
1029 980 1237 1021 habuisse
1271 979 1488 1021 hactenus
1512 981 1554 1021 et
1577 981 1833 1022 constanter
1854 980 2018 1024 habere

244 1052 355 1094 velle
390 1051 609 1093 indefesso
643 1051 870 1105 proposito
904 1051 947 1091 in
983 1051 1194 1101 futurum,
1228 1051 1436 1104 quodque
1469 1050 1654 1093 intentis
1687 1050 1846 1093 studiis
1878 1051 2019 1105 ipsius

245 1122 575 1164 christianitatis
616 1123 845 1163 commoda
879 1123 920 1162 et
954 1122 1146 1175 quietem
1187 1122 1398 1175 prosequi
1434 1122 1576 1163 votive
1610 1122 1869 1165 desideratis
1901 1122 2020 1165 eius-

245 1208 330 1247 que
378 1191 731 1247 tranquillitati‘¹)
779 1192 962 1233 tirmiter
1012 1193 1226 1234 adherere
1273 1192 1521 1247 proponitis
1571 1192 1691 1235 iuxta
1739 1206 1892 1247 posse,
1941 1194 2019 1235 sed

245 1264 608 1312 adversariorum,
642 1264 955 1317 'Feucrorum‘')
990 1263 1190 1306 videlicet
1226 1262 1662 1316 immanissimorum,
1694 1264 1952 1306 crudelitate
1974 1264 2089 1306 et15

245 1335 398 1377 sevitia
431 1336 733 1376 succrescente
766 1334 974 1376 continuo
1009 1337 1049 1375 et
1083 1334 1334 1376 cottidianis
1374 1334 1546 1376 insidiis
1571 1334 2018 1390 infestationibusque

246 1406 562 1459 multiplicibus
605 1419 679 1446 vos
712 1407 751 1445 et
786 1405 1021 1458 gloriosam
1055 1405 1274 1447 civitatem
1309 1405 1847 1460 Constantinopolitanam
1879 1406 2018 1460 impe-

245 1480 363 1519 tente
396 1478 511 1519 iusto
545 1476 701 1517 timore
736 1478 880 1517 vestra
913 1477 1156 1530 prudencia
1185 1490 1273 1518 non
1298 1478 1479 1527 careret,
1514 1476 1617 1530 quin
1643 1476 1839 1531 ipsorum
1862 1476 2017 1519 adver-

246 1548 457 1589 sariorum
498 1547 751 1600 prevalente
798 1547 1043 1600 iniquitate,
1083 1548 1202 1601 quod
1237 1548 1354 1589 Deus
1395 1547 1611 1601 gloriosus
1650 1549 1832 1600 avertat,
1874 1549 2018 1590 vestra

245 1622 283 1659 et
327 1619 522 1660 eiusdem
556 1618 743 1659 civitatis
776 1618 1001 1672 depressio
1044 1618 1088 1659 in
1128 1618 1261 1660 totius
1294 1618 1627 1660 christianitatis
1673 1621 1872 1672 vergeret
1904 1619 2018 1660 veri·
2032 1618 2091 1659 ΞΟ

246 1689 446 1731 similiter
495 1689 820 1730 detrimentum.
887 1689 937 1729 Et
980 1689 1065 1731 alia
1112 1689 1270 1731 adiecit
1316 1688 1427 1731 vivis
1471 1688 1683 1731 relatibus
1725 1691 1768 1731 et
1817 1688 2019 1744 exposuit

246 1760 467 1813 sapienter
500 1761 691 1800 vestrum
725 1759 902 1813 quidem
944 1760 1165 1802 laudabile
1198 1760 1473 1814 propositum
1507 1761 1549 1801 et
1582 1758 1839 1801 excellentie
1875 1761 2018 1802 vestre

246 1830 524 1884 prudentiam
566 1843 701 1883 super
742 1829 951 1871 intimatis
993 1831 1136 1883 dignis
1181 1830 1225 1871 in
1267 1830 1445 1872 domino
1494 1830 1699 1872 laudibus
1748 1828 2018 1886 extollens.¹)

247 1900 583 1942 Fraternitatem
617 1902 806 1942 vestram
840 1902 883 1942 in
919 1902 1000 1942 hoc
1033 1902 1192 1944 ardore
1226 1901 1342 1950 fidei,
1385 1901 1430 1943 in
1464 1902 1546 1943 hac
1578 1900 1812 1943 devotione
1845 1900 2017 1954 mentis,

245 1971 286 2012 in
321 1972 402 2012 hoc
436 1971 601 2024 integre
636 1971 854 2024 religionis
888 1972 1033 2014 studio
1067 1973 1110 2014 in
1142 1974 1342 2027 tempora
1375 1971 1569 2026 longiora
1599 1972 1734 2014 libeat
1756 1985 2018 2015 conservare
2033 1971 2090 2013 25

247 2045 291 2084 et
337 2042 554 2083 bonorum
603 2043 799 2084 omnium
849 2043 1027 2097 largitor
1074 2043 1314 2086 altissimus
1363 2043 1602 2085 virtutibus
1644 2042 1801 2085 vestris
1845 2056 2020 2098 semper

247 2112 403 2154 adiciat
436 2115 478 2154 et
510 2114 708 2166 tempora
741 2114 999 2155 successivis
1040 2115 1257 2167 adaugeat
1296 2113 1643 2168 incrementis.2)
1707 2114 1829 2156 Idem
1867 2114 2018 2168 itaque

246 2183 341 2236 ipse
384 2183 673 2225 ambassiator
710 2187 856 2226 vester
894 2185 1126 2227 commisse
1165 2185 1246 2226 sibi
1293 2185 1523 2238 legationis
1566 2184 1707 2227 fidelis
1748 2186 1791 2226 et
1833 2184 2019 2238 diligens

247 2257 513 2307 prosecutor,
557 2268 656 2296 cum
689 2268 778 2308 quo
812 2255 979 2297 vicibus
1013 2256 1236 2310 replicatis
1269 2269 1403 2310 super
1439 2255 1649 2311 expositis
1682 2257 1725 2297 et
1758 2255 2020 2298 incumben-

247 2325 365 2366 tibus
398 2325 580 2377 negotiis
614 2325 779 2378 digeste
812 2326 1098 2368 tractavimus
1131 2328 1173 2367 et
1206 2326 1366 2369 mentis
1401 2328 1549 2368 nostre
1573 2325 1848 2381 propositum
1874 2325 2018 2369 eidem
2035 2324 2092 2367 30

249 2395 495 2437 distinctius
534 2396 844 2450 expressimus,
885 2397 940 2439 ad
978 2400 1126 2440 vestre
1164 2397 1479 2452 magnitudinis
1521 2396 1722 2439 notitiam
1762 2410 1841 2452 per
1873 2397 2020 2452 ipsum

366 2583 396 2615 a)
418 2581 636 2610 Crissoloram
657 2584 693 2610 B.
742 2583 775 2617 b)
797 2584 876 2611 Hier
894 2584 974 2617 fehlt
995 2585 1143 2612 narravit
1163 2585 1243 2612 oder
1261 2584 1420 2620 exposuit
1439 2585 1518 2612 oder
1537 2582 1700 2612 ahnlichu
1727 2583 1870 2611 Verbum.
1917 2584 1948 2618 c)
1967 2590 2017 2612 re·

249 2630 414 2657 censer-int
441 2631 519 2657 oder
542 2630 746 2658 recenset-uit
766 2631 803 2658 Β.
872 2632 904 2665 d)
925 2631 1182 2667 transquillitati
1203 2633 1239 2659 B.
1312 2631 1343 2667 e)
1364 2630 1582 2660 Treverorum
1603 2632 1640 2659 Β.
1712 2630 1739 2665 s)
1759 2630 1961 2659 extollentes
1981 2631 2020 2665 B,

251 2677 515 2705 wahrecheinlich
536 2684 638 2711 weqen
659 2679 712 2705 dee
733 2679 911 2712 Rhymmus
931 2680 1128 2707 cumanam.

370 2738 395 2781 ¹)
421 2736 575 2771 Hieran-3
600 2738 734 2772 maome
758 2738 815 2772 ich
847 2738 1052 2782 sclaliessen,
1088 2739 1172 2774 dass
1200 2738 1406 2786 Siqicmund
1427 2739 1538 2774 sehon
1560 2738 1692 2773 wieder
1715 2749 1753 2772 m
1778 2735 2092 2779 Deutechland35

249 2808 335 2839 war,
367 2796 448 2830 weil
471 2807 511 2830 er
535 2797 572 2829 in
596 2795 723 2831 Italien
755 2796 879 2832 keinen
907 2796 1140 2832 Far-atemoth
1173 2810 1228 2833 mn
1252 2798 1327 2833 sich
1354 2797 1460 2833 hatte.
1511 2796 1643 2832 Si'clier
1667 2797 1716 2832 iat
1737 2796 1803 2832 das
1826 2795 2025 2843 Aryument

253 2855 444 2901 allerdinya
470 2855 575 2890 nieht.

368 2927 395 2970 ⁹)
422 2926 589 2973 Auffiilliy
614 2927 672 2970 iet,
703 2927 787 2962 class
812 2926 868 2962 die
898 2926 1136 2974 Unionsfraqe
1163 2928 1350 2974 elyentliclt
1373 2928 1437 2963 me’t
1458 2926 1594 2963 keinem
1629 2925 1723 2962 Wort
1745 2925 1894 2962 berfihre
1920 2925 2022 2962 werd.

251 2984 350 3019 Auch
376 2985 412 3019 in
438 2984 619 3020 Konstanz
651 2986 713 3020 hat
742 2985 806 3030 sie,
843 2985 1042 3032 abqeeelzen
1066 2998 1135 3022 von
1159 2987 1225 3022 der
1255 2985 1369 3023 Um'on
1393 2986 1456 3022 deo
1479 2985 1706 3033 Erzbiecleos
1723 2997 1793 3021 von
1816 2984 1927 3030 Kaeso,
1964 2984 2022 3021 die

248 3043 311 3077 mit
328 3043 620 3091 Konetantinopel
641 3044 731 3080 cloch
756 3044 858 3079 kaum
882 3050 990 3081 etwas
1015 3058 1062 3081 zu
1086 3046 1169 3081 chun
1192 3046 1265 3090 leat,
1290 3045 1390 3082 keine
1411 3045 1512 3082 Roue
1526 3045 1688 3093 qeaept‘elt.
2034 3043 2095 3088 40
