<?xml version="1.0" encoding="UTF-8"?>
<!DOCTYPE html PUBLIC "-//W3C//DTD XHTML 1.0 Transitional//EN"
    "http://www.w3.org/TR/xhtml1/DTD/xhtml1-transitional.dtd">
<html xmlns="http://www.w3.org/1999/xhtml" xml:lang="en" lang="en">
 <head>
  <title>
</title>
<meta http-equiv="Content-Type" content="text/html;charset=utf-8" />
  <meta name='ocr-system' content='tesseract 3.04.00' />
  <meta name='ocr-capabilities' content='ocr_page ocr_carea ocr_par ocr_line ocrx_word'/>
</head>
<body>
  <div class='ocr_page' id='page_1' title='image "./actaconciliicons01counuoft_0404.png"; bbox 0 0 2216 3432; ppageno 0'>
   <div class='ocr_carea' id='block_1_1' title="bbox 1907 0 2116 94">
    <p class='ocr_par' dir='ltr' id='par_1_1' title="bbox 1907 0 2116 94">
     <span class='ocr_line' id='line_1_1' title="bbox 1923 0 1970 13; baseline 0 0"><span class='ocrx_word' id='word_1_1' title='bbox 1923 0 1932 11; x_wconf 69' lang='grc' dir='ltr'><strong>Ἰ</strong></span> <span class='ocrx_word' id='word_1_2' title='bbox 1956 0 1970 13; x_wconf 33' lang='lat'>&#39;⁷</span> 
     </span>
     <span class='ocr_line' id='line_1_2' title="bbox 1907 0 2054 54; baseline -0.007 0"><span class='ocrx_word' id='word_1_3' title='bbox 1907 35 1912 43; x_wconf 27' lang='grc' dir='ltr'><strong><em>ι</em></strong></span> <span class='ocrx_word' id='word_1_4' title='bbox 1951 0 2054 54; x_wconf 59' lang='lat' dir='ltr'>v·</span> 
     </span>
     <span class='ocr_line' id='line_1_3' title="bbox 1990 49 2052 66; baseline 0 0"><span class='ocrx_word' id='word_1_5' title='bbox 1990 49 1999 59; x_wconf 65' lang='lat'>.</span> <span class='ocrx_word' id='word_1_6' title='bbox 2050 63 2052 66; x_wconf 56' lang='lat'>&gt;</span> 
     </span>
     <span class='ocr_line' id='line_1_4' title="bbox 2112 87 2116 94; baseline 0 0"><span class='ocrx_word' id='word_1_7' title='bbox 2112 87 2116 94; x_wconf 81' lang='grc'>,</span> 
     </span>
    </p>
   </div>
   <div class='ocr_carea' id='block_1_2' title="bbox 1974 0 2216 713">
    <p class='ocr_par' dir='ltr' id='par_1_2' title="bbox 1974 0 2216 713">
     <span class='ocr_line' id='line_1_5' title="bbox 1974 0 2216 713; baseline 0 -501"><span class='ocrx_word' id='word_1_8' title='bbox 1974 0 2216 713; x_wconf 95' lang='lat' dir='ltr'>    </span> 
     </span>
    </p>
   </div>
   <div class='ocr_carea' id='block_1_3' title="bbox 211 134 1666 184">
    <p class='ocr_par' dir='ltr' id='par_1_3' title="bbox 211 134 1666 184">
     <span class='ocr_line' id='line_1_6' title="bbox 211 134 1666 184; baseline -0.003 -8"><span class='ocrx_word' id='word_1_9' title='bbox 211 134 298 177; x_wconf 85' lang='grc'>390</span> <span class='ocrx_word' id='word_1_10' title='bbox 534 141 600 178; x_wconf 91' lang='lat'>111.</span> <span class='ocrx_word' id='word_1_11' title='bbox 624 140 825 175; x_wconf 85' lang='lat' dir='ltr'>Abschnitt.</span> <span class='ocrx_word' id='word_1_12' title='bbox 874 138 1148 184; x_wconf 81' lang='lat' dir='ltr'>vorgeschiehto</span> <span class='ocrx_word' id='word_1_13' title='bbox 1173 137 1235 172; x_wconf 83' lang='lat' dir='ltr'>des</span> <span class='ocrx_word' id='word_1_14' title='bbox 1259 137 1484 174; x_wconf 72' lang='lat' dir='ltr'>Konstanzer</span> <span class='ocrx_word' id='word_1_15' title='bbox 1506 136 1666 173; x_wconf 75' lang='lat' dir='ltr'>Konzils.</span> 
     </span>
    </p>
   </div>
   <div class='ocr_carea' id='block_1_4' title="bbox 211 242 2216 2843">
    <p class='ocr_par' dir='ltr' id='par_1_4' title="bbox 211 242 2216 939">
     <span class='ocr_line' id='line_1_7' title="bbox 212 242 1980 303; baseline -0.004 -10"><span class='ocrx_word' id='word_1_16' title='bbox 212 250 360 294; x_wconf 88' lang='lat' dir='ltr'>omnia</span> <span class='ocrx_word' id='word_1_17' title='bbox 405 247 618 303; x_wconf 88' lang='lat' dir='ltr'>optabilia</span> <span class='ocrx_word' id='word_1_18' title='bbox 654 245 809 289; x_wconf 91' lang='lat' dir='ltr'>mundi</span> <span class='ocrx_word' id='word_1_19' title='bbox 850 245 983 288; x_wconf 91' lang='lat' dir='ltr'>huius</span> <span class='ocrx_word' id='word_1_20' title='bbox 1015 242 1136 286; x_wconf 92' lang='lat' dir='ltr'>cordi</span> <span class='ocrx_word' id='word_1_21' title='bbox 1170 244 1321 286; x_wconf 92' lang='lat' dir='ltr'>nostro</span> <span class='ocrx_word' id='word_1_22' title='bbox 1352 242 1481 286; x_wconf 83' lang='lat' dir='ltr'>valde</span> <span class='ocrx_word' id='word_1_23' title='bbox 1512 242 1773 298; x_wconf 82' lang='lat' dir='ltr'><strong>precipuum</strong></span> <span class='ocrx_word' id='word_1_24' title='bbox 1804 242 1980 298; x_wconf 79' lang='lat' dir='ltr'>insidet,</span> 
     </span>
     <span class='ocr_line' id='line_1_8' title="bbox 211 312 1982 377; baseline -0.004 -13"><span class='ocrx_word' id='word_1_25' title='bbox 211 335 290 365; x_wconf 90' lang='lat' dir='ltr'>vos</span> <span class='ocrx_word' id='word_1_26' title='bbox 329 333 429 362; x_wconf 90' lang='lat' dir='ltr'>cum</span> <span class='ocrx_word' id='word_1_27' title='bbox 468 317 720 360; x_wconf 89' lang='lat' dir='ltr'>adversario</span> <span class='ocrx_word' id='word_1_28' title='bbox 759 317 907 377; x_wconf 86' lang='lat' dir='ltr'>vestro</span> <span class='ocrx_word' id='word_1_29' title='bbox 940 314 1125 357; x_wconf 85' lang='lat' dir='ltr'>Francie</span> <span class='ocrx_word' id='word_1_30' title='bbox 1163 313 1347 356; x_wconf 81' lang='lat' dir='ltr'>feliciter</span> <span class='ocrx_word' id='word_1_31' title='bbox 1386 313 1572 357; x_wconf 86' lang='lat' dir='ltr'>reddere</span> <span class='ocrx_word' id='word_1_32' title='bbox 1603 312 1765 367; x_wconf 89' lang='lat' dir='ltr'>unitos,</span> <span class='ocrx_word' id='word_1_33' title='bbox 1796 315 1847 356; x_wconf 88' lang='lat' dir='ltr'>ut</span> <span class='ocrx_word' id='word_1_34' title='bbox 1877 326 1982 357; x_wconf 86' lang='lat' dir='ltr'>con-</span> 
     </span>
     <span class='ocr_line' id='line_1_9' title="bbox 213 383 1981 447; baseline -0.004 -13"><span class='ocrx_word' id='word_1_35' title='bbox 213 391 411 447; x_wconf 59' lang='lat' dir='ltr'>gruumss)</span> <span class='ocrx_word' id='word_1_36' title='bbox 465 388 593 431; x_wconf 90' lang='lat' dir='ltr'>fieret</span> <span class='ocrx_word' id='word_1_37' title='bbox 643 386 773 429; x_wconf 90' lang='lat' dir='ltr'>nobis</span> <span class='ocrx_word' id='word_1_38' title='bbox 825 385 968 428; x_wconf 91' lang='lat' dir='ltr'>tribus</span> <span class='ocrx_word' id='word_1_39' title='bbox 1025 383 1312 439; x_wconf 79' lang='lat' dir='ltr'>corporaliter</span> <span class='ocrx_word' id='word_1_40' title='bbox 1358 383 1533 427; x_wconf 87' lang='lat' dir='ltr'>fruendi</span> <span class='ocrx_word' id='word_1_41' title='bbox 1580 383 1779 425; x_wconf 90' lang='lat' dir='ltr'>comunis</span> <span class='ocrx_word' id='word_1_42' title='bbox 1824 383 1981 427; x_wconf 88' lang='lat' dir='ltr'>solatio</span> 
     </span>
     <span class='ocr_line' id='line_1_10' title="bbox 213 453 1983 513; baseline -0.004 -9"><span class='ocrx_word' id='word_1_43' title='bbox 213 461 389 505; x_wconf 90' lang='lat' dir='ltr'>unionis</span> <span class='ocrx_word' id='word_1_44' title='bbox 420 457 466 502; x_wconf 79' lang='lat' dir='ltr'>‘et</span> <span class='ocrx_word' id='word_1_45' title='bbox 498 458 659 513; x_wconf 90' lang='lat' dir='ltr'>gaudio</span> <span class='ocrx_word' id='word_1_46' title='bbox 692 454 1058 499; x_wconf 78' lang='lat' dir='ltr'>reconciliationis</span> <span class='ocrx_word' id='word_1_47' title='bbox 1084 454 1283 497; x_wconf 86' lang='lat' dir='ltr'>renovati</span> <span class='ocrx_word' id='word_1_48' title='bbox 1303 454 1466 497; x_wconf 86' lang='lat' dir='ltr'>virtute</span> <span class='ocrx_word' id='word_1_49' title='bbox 1488 453 1626 506; x_wconf 88' lang='lat' dir='ltr'>unita,</span> <span class='ocrx_word' id='word_1_50' title='bbox 1658 467 1746 507; x_wconf 88' lang='lat' dir='ltr'>que</span> <span class='ocrx_word' id='word_1_51' title='bbox 1768 453 1983 497; x_wconf 86' lang='lat' dir='ltr'>validiora</span> 
     </span>
     <span class='ocr_line' id='line_1_11' title="bbox 213 523 2023 582; baseline -0.004 -8"><span class='ocrx_word' id='word_1_52' title='bbox 213 533 258 574; x_wconf 92' lang='lat' dir='ltr'>in</span> <span class='ocrx_word' id='word_1_53' title='bbox 300 545 347 574; x_wconf 88' lang='lat' dir='ltr'>se</span> <span class='ocrx_word' id='word_1_54' title='bbox 388 529 616 573; x_wconf 88' lang='lat' dir='ltr'>consuevit</span> <span class='ocrx_word' id='word_1_55' title='bbox 656 528 850 582; x_wconf 83' lang='lat' dir='ltr'>recipere</span> <span class='ocrx_word' id='word_1_56' title='bbox 897 525 1164 568; x_wconf 89' lang='lat' dir='ltr'>fortitudinis</span> <span class='ocrx_word' id='word_1_57' title='bbox 1211 525 1495 578; x_wconf 88' lang='lat' dir='ltr'>incrementa,</span> <span class='ocrx_word' id='word_1_58' title='bbox 1543 523 1900 579; x_wconf 89' lang='lat' dir='ltr'>perfectioneque</span> <span class='ocrx_word' id='word_1_59' title='bbox 1938 525 2023 570; x_wconf 85' lang='lat' dir='ltr'>et5</span> 
     </span>
     <span class='ocr_line' id='line_1_12' title="bbox 217 594 1985 650; baseline -0.004 -5"><span class='ocrx_word' id='word_1_60' title='bbox 217 601 530 645; x_wconf 75' lang='lat' dir='ltr'>concordantia</span> <span class='ocrx_word' id='word_1_61' title='bbox 575 598 746 641; x_wconf 89' lang='lat' dir='ltr'>trinarii</span> <span class='ocrx_word' id='word_1_62' title='bbox 796 598 965 640; x_wconf 89' lang='lat' dir='ltr'>numeri</span> <span class='ocrx_word' id='word_1_63' title='bbox 1013 596 1170 650; x_wconf 87' lang='lat' dir='ltr'>regalis</span> <span class='ocrx_word' id='word_1_64' title='bbox 1217 595 1307 638; x_wconf 91' lang='lat' dir='ltr'>sere</span> <span class='ocrx_word' id='word_1_65' title='bbox 1358 595 1511 637; x_wconf 91' lang='lat' dir='ltr'>orbem</span> <span class='ocrx_word' id='word_1_66' title='bbox 1560 596 1704 637; x_wconf 87' lang='lat' dir='ltr'>totum</span> <span class='ocrx_word' id='word_1_67' title='bbox 1749 594 1985 638; x_wconf 81' lang='lat' dir='ltr'>salubriter</span> 
     </span>
     <span class='ocr_line' id='line_1_13' title="bbox 216 665 1985 727; baseline -0.004 -12"><span class='ocrx_word' id='word_1_68' title='bbox 216 673 441 727; x_wconf 89' lang='lat' dir='ltr'>dirigendo</span> <span class='ocrx_word' id='word_1_69' title='bbox 481 670 746 713; x_wconf 88' lang='lat' dir='ltr'>unanimiter</span> <span class='ocrx_word' id='word_1_70' title='bbox 783 668 1036 722; x_wconf 84' lang='lat' dir='ltr'>potiremur.</span> <span class='ocrx_word' id='word_1_71' title='bbox 1102 666 1317 709; x_wconf 89' lang='lat' dir='ltr'>Novimus</span> <span class='ocrx_word' id='word_1_72' title='bbox 1356 666 1473 709; x_wconf 90' lang='lat' dir='ltr'>enim</span> <span class='ocrx_word' id='word_1_73' title='bbox 1508 667 1676 719; x_wconf 87' lang='lat' dir='ltr'>utpote,</span> <span class='ocrx_word' id='word_1_74' title='bbox 1716 665 1793 720; x_wconf 88' lang='lat' dir='ltr'>qui</span> <span class='ocrx_word' id='word_1_75' title='bbox 1823 665 1908 708; x_wconf 90' lang='lat' dir='ltr'>hoc</span> <span class='ocrx_word' id='word_1_76' title='bbox 1938 665 1985 708; x_wconf 92' lang='lat' dir='ltr'>in</span> 
     </span>
     <span class='ocr_line' id='line_1_14' title="bbox 214 735 2216 796; baseline -0.004 -10"><span class='ocrx_word' id='word_1_77' title='bbox 214 744 324 786; x_wconf 89' lang='lat' dir='ltr'>libro</span> <span class='ocrx_word' id='word_1_78' title='bbox 364 740 636 796; x_wconf 89' lang='lat' dir='ltr'>experientie</span> <span class='ocrx_word' id='word_1_79' title='bbox 676 739 895 781; x_wconf 85' lang='lat' dir='ltr'>cotidiane</span> <span class='ocrx_word' id='word_1_80' title='bbox 935 737 1221 790; x_wconf 83' lang='lat' dir='ltr'>revolvimus,</span> <span class='ocrx_word' id='word_1_81' title='bbox 1261 738 1427 791; x_wconf 89' lang='lat' dir='ltr'>quanta</span> <span class='ocrx_word' id='word_1_82' title='bbox 1464 735 1581 778; x_wconf 91' lang='lat' dir='ltr'>mala</span> <span class='ocrx_word' id='word_1_83' title='bbox 1617 749 1670 778; x_wconf 88' lang='lat' dir='ltr'>ex</span> <span class='ocrx_word' id='word_1_84' title='bbox 1707 735 1983 779; x_wconf 85' lang='lat' dir='ltr'>dissensione</span> <span class='ocrx_word' id='word_1_85' title='bbox 2206 742 2216 772; x_wconf 73' lang='lat' dir='ltr'>i</span> 
     </span>
     <span class='ocr_line' id='line_1_15' title="bbox 215 798 2216 865; baseline -0.004 -9"><span class='ocrx_word' id='word_1_86' title='bbox 215 816 258 857; x_wconf 90' lang='lat' dir='ltr'>et</span> <span class='ocrx_word' id='word_1_87' title='bbox 299 814 494 855; x_wconf 78' lang='lat' dir='ltr'>collisiva</span> <span class='ocrx_word' id='word_1_88' title='bbox 533 810 811 865; x_wconf 83' lang='lat' dir='ltr'>aggressione</span> <span class='ocrx_word' id='word_1_89' title='bbox 854 809 968 851; x_wconf 89' lang='lat' dir='ltr'>inter</span> <span class='ocrx_word' id='word_1_90' title='bbox 1006 808 1164 863; x_wconf 92' lang='lat' dir='ltr'>Anglie</span> <span class='ocrx_word' id='word_1_91' title='bbox 1202 809 1246 850; x_wconf 92' lang='lat' dir='ltr'>et</span> <span class='ocrx_word' id='word_1_92' title='bbox 1287 807 1468 850; x_wconf 83' lang='lat' dir='ltr'>Francie</span> <span class='ocrx_word' id='word_1_93' title='bbox 1506 819 1642 861; x_wconf 83' lang='lat' dir='ltr'>regna</span> <span class='ocrx_word' id='word_1_94' title='bbox 1671 806 1862 860; x_wconf 90' lang='lat' dir='ltr'>peccatis</span> <span class='ocrx_word' id='word_1_95' title='bbox 1895 806 1985 849; x_wconf 88' lang='lat' dir='ltr'>exi-</span> <span class='ocrx_word' id='word_1_96' title='bbox 2204 798 2216 815; x_wconf 73' lang='lat'>²</span> 
     </span>
     <span class='ocr_line' id='line_1_16' title="bbox 218 877 2057 939; baseline -0.003 -12"><span class='ocrx_word' id='word_1_97' title='bbox 218 884 421 939; x_wconf 87' lang='lat' dir='ltr'>gentibus</span> <span class='ocrx_word' id='word_1_98' title='bbox 460 882 626 925; x_wconf 87' lang='lat' dir='ltr'>dudum</span> <span class='ocrx_word' id='word_1_99' title='bbox 665 882 731 923; x_wconf 90' lang='lat' dir='ltr'>est</span> <span class='ocrx_word' id='word_1_100' title='bbox 769 882 940 933; x_wconf 86' lang='lat' dir='ltr'>exorta,</span> <span class='ocrx_word' id='word_1_101' title='bbox 980 892 1069 922; x_wconf 91' lang='lat' dir='ltr'>non</span> <span class='ocrx_word' id='word_1_102' title='bbox 1109 878 1251 920; x_wconf 88' lang='lat' dir='ltr'>solum</span> <span class='ocrx_word' id='word_1_103' title='bbox 1291 877 1540 932; x_wconf 85' lang='lat' dir='ltr'>specialiter</span> <span class='ocrx_word' id='word_1_104' title='bbox 1579 877 1725 932; x_wconf 88' lang='lat' dir='ltr'>regnis</span> <span class='ocrx_word' id='word_1_105' title='bbox 1765 877 1876 932; x_wconf 90' lang='lat' dir='ltr'>ipsis</span> <span class='ocrx_word' id='word_1_106' title='bbox 1917 879 1986 920; x_wconf 89' lang='lat' dir='ltr'>set</span> <span class='ocrx_word' id='word_1_107' title='bbox 2004 878 2057 921; x_wconf 88' lang='lat'>10</span> 
     </span>
    </p>

    <p class='ocr_par' dir='ltr' id='par_1_5' title="bbox 216 948 1986 1009">
     <span class='ocr_line' id='line_1_17' title="bbox 216 948 1986 1009; baseline -0.003 -12"><span class='ocrx_word' id='word_1_108' title='bbox 216 958 260 998; x_wconf 92' lang='lat' dir='ltr'>et</span> <span class='ocrx_word' id='word_1_109' title='bbox 302 954 562 1009; x_wconf 85' lang='lat' dir='ltr'>generaliter</span> <span class='ocrx_word' id='word_1_110' title='bbox 603 953 901 1006; x_wconf 90' lang='lat' dir='ltr'>provenerunt</span> <span class='ocrx_word' id='word_1_111' title='bbox 942 950 1149 991; x_wconf 86' lang='lat' dir='ltr'>universo</span> <span class='ocrx_word' id='word_1_112' title='bbox 1192 948 1360 1003; x_wconf 90' lang='lat' dir='ltr'>populo</span> <span class='ocrx_word' id='word_1_113' title='bbox 1400 948 1651 990; x_wconf 86' lang='lat' dir='ltr'>christiano.</span> <span class='ocrx_word' id='word_1_114' title='bbox 1714 948 1826 990; x_wconf 87' lang='lat' dir='ltr'>Ecce</span> <span class='ocrx_word' id='word_1_115' title='bbox 1868 948 1986 991; x_wconf 91' lang='lat' dir='ltr'>enim</span> 
     </span>
    </p>

    <p class='ocr_par' dir='ltr' id='par_1_6' title="bbox 214 1019 1986 1150">
     <span class='ocr_line' id='line_1_18' title="bbox 214 1019 1985 1078; baseline -0.003 -10"><span class='ocrx_word' id='word_1_116' title='bbox 214 1026 361 1078; x_wconf 78' lang='lat' dir='ltr'>vobiS,</span> <span class='ocrx_word' id='word_1_117' title='bbox 401 1024 521 1078; x_wconf 88' lang='lat' dir='ltr'>quod</span> <span class='ocrx_word' id='word_1_118' title='bbox 568 1024 704 1076; x_wconf 86' lang='lat' dir='ltr'>absit,</span> <span class='ocrx_word' id='word_1_119' title='bbox 744 1023 799 1064; x_wconf 90' lang='lat' dir='ltr'>ad</span> <span class='ocrx_word' id='word_1_120' title='bbox 836 1021 1025 1063; x_wconf 82' lang='lat' dir='ltr'>invicem</span> <span class='ocrx_word' id='word_1_121' title='bbox 1065 1020 1417 1073; x_wconf 82' lang='lat' dir='ltr'>decertantibuS,</span> <span class='ocrx_word' id='word_1_122' title='bbox 1457 1019 1738 1062; x_wconf 86' lang='lat' dir='ltr'>destruentur</span> <span class='ocrx_word' id='word_1_123' title='bbox 1783 1019 1985 1074; x_wconf 90' lang='lat' dir='ltr'>ecclesie,</span> 
     </span>
     <span class='ocr_line' id='line_1_19' title="bbox 216 1090 1986 1150; baseline -0.003 -12"><span class='ocrx_word' id='word_1_124' title='bbox 216 1096 574 1150; x_wconf 88' lang='lat' dir='ltr'>depauperantur</span> <span class='ocrx_word' id='word_1_125' title='bbox 606 1093 776 1146; x_wconf 87' lang='lat' dir='ltr'>divites,</span> <span class='ocrx_word' id='word_1_126' title='bbox 810 1104 1029 1147; x_wconf 86' lang='lat' dir='ltr'>pauperes</span> <span class='ocrx_word' id='word_1_127' title='bbox 1058 1090 1378 1144; x_wconf 86' lang='lat' dir='ltr'>opprimentur,</span> <span class='ocrx_word' id='word_1_128' title='bbox 1411 1090 1516 1132; x_wconf 91' lang='lat' dir='ltr'>dum</span> <span class='ocrx_word' id='word_1_129' title='bbox 1539 1102 1621 1132; x_wconf 89' lang='lat' dir='ltr'>nec</span> <span class='ocrx_word' id='word_1_130' title='bbox 1642 1090 1764 1133; x_wconf 86' lang='lat' dir='ltr'>sexui</span> <span class='ocrx_word' id='word_1_131' title='bbox 1790 1091 1986 1145; x_wconf 89' lang='lat' dir='ltr'>parcitur</span> 
     </span>
    </p>

    <p class='ocr_par' dir='ltr' id='par_1_7' title="bbox 215 1159 1985 1219">
     <span class='ocr_line' id='line_1_20' title="bbox 215 1159 1985 1219; baseline -0.003 -11"><span class='ocrx_word' id='word_1_132' title='bbox 215 1180 297 1208; x_wconf 88' lang='lat' dir='ltr'>nec</span> <span class='ocrx_word' id='word_1_133' title='bbox 336 1164 557 1219; x_wconf 82' lang='lat' dir='ltr'>religioni3</span> <span class='ocrx_word' id='word_1_134' title='bbox 600 1163 643 1204; x_wconf 92' lang='lat' dir='ltr'>in</span> <span class='ocrx_word' id='word_1_135' title='bbox 686 1163 851 1217; x_wconf 88' lang='lat' dir='ltr'>quibus</span> <span class='ocrx_word' id='word_1_136' title='bbox 894 1162 1026 1204; x_wconf 88' lang='lat' dir='ltr'>etiam</span> <span class='ocrx_word' id='word_1_137' title='bbox 1067 1161 1214 1203; x_wconf 89' lang='lat' dir='ltr'>divine</span> <span class='ocrx_word' id='word_1_138' title='bbox 1253 1161 1495 1203; x_wconf 90' lang='lat' dir='ltr'>maiestatis</span> <span class='ocrx_word' id='word_1_139' title='bbox 1533 1159 1647 1202; x_wconf 88' lang='lat' dir='ltr'>oculi</span> <span class='ocrx_word' id='word_1_140' title='bbox 1680 1160 1985 1213; x_wconf 83' lang='lat' dir='ltr'>offenduntur3</span> 
     </span>
    </p>

    <p class='ocr_par' dir='ltr' id='par_1_8' title="bbox 215 1230 2056 1361">
     <span class='ocr_line' id='line_1_21' title="bbox 215 1230 2056 1290; baseline -0.003 -12"><span class='ocrx_word' id='word_1_141' title='bbox 215 1236 292 1278; x_wconf 86' lang='lat' dir='ltr'>fiet</span> <span class='ocrx_word' id='word_1_142' title='bbox 331 1249 529 1290; x_wconf 88' lang='lat' dir='ltr'>quoque,</span> <span class='ocrx_word' id='word_1_143' title='bbox 567 1234 688 1288; x_wconf 85' lang='lat' dir='ltr'>quod</span> <span class='ocrx_word' id='word_1_144' title='bbox 727 1233 771 1275; x_wconf 89' lang='lat' dir='ltr'>in</span> <span class='ocrx_word' id='word_1_145' title='bbox 810 1232 1073 1274; x_wconf 86' lang='lat' dir='ltr'>christianos</span> <span class='ocrx_word' id='word_1_146' title='bbox 1113 1233 1295 1274; x_wconf 89' lang='lat' dir='ltr'>sumunt</span> <span class='ocrx_word' id='word_1_147' title='bbox 1334 1231 1564 1274; x_wconf 90' lang='lat' dir='ltr'>audaciam</span> <span class='ocrx_word' id='word_1_148' title='bbox 1597 1230 1801 1274; x_wconf 87' lang='lat' dir='ltr'>infideles</span> <span class='ocrx_word' id='word_1_149' title='bbox 1834 1233 1878 1274; x_wconf 88' lang='lat' dir='ltr'>et</span> <span class='ocrx_word' id='word_1_150' title='bbox 1909 1232 1986 1286; x_wconf 88' lang='lat' dir='ltr'>qui</span> <span class='ocrx_word' id='word_1_151' title='bbox 2007 1231 2056 1273; x_wconf 89' lang='lat'>15</span> 
     </span>
     <span class='ocr_line' id='line_1_22' title="bbox 216 1301 1987 1361; baseline -0.002 -13"><span class='ocrx_word' id='word_1_152' title='bbox 216 1307 398 1361; x_wconf 87' lang='lat' dir='ltr'>placatis</span> <span class='ocrx_word' id='word_1_153' title='bbox 437 1307 479 1348; x_wconf 88' lang='lat' dir='ltr'>et</span> <span class='ocrx_word' id='word_1_154' title='bbox 516 1304 683 1359; x_wconf 83' lang='lat' dir='ltr'>pacatis</span> <span class='ocrx_word' id='word_1_155' title='bbox 722 1303 847 1345; x_wconf 89' lang='lat' dir='ltr'>vobis</span> <span class='ocrx_word' id='word_1_156' title='bbox 886 1303 941 1344; x_wconf 88' lang='lat' dir='ltr'>ad</span> <span class='ocrx_word' id='word_1_157' title='bbox 974 1303 1159 1345; x_wconf 91' lang='lat' dir='ltr'>invicem</span> <span class='ocrx_word' id='word_1_158' title='bbox 1195 1302 1374 1344; x_wconf 90' lang='lat' dir='ltr'>exitium</span> <span class='ocrx_word' id='word_1_159' title='bbox 1406 1301 1707 1355; x_wconf 89' lang='lat' dir='ltr'>formidarent,</span> <span class='ocrx_word' id='word_1_160' title='bbox 1741 1301 1900 1344; x_wconf 90' lang='lat' dir='ltr'>animis</span> <span class='ocrx_word' id='word_1_161' title='bbox 1932 1302 1987 1345; x_wconf 88' lang='lat' dir='ltr'>de</span> 
     </span>
    </p>

    <p class='ocr_par' dir='ltr' id='par_1_9' title="bbox 216 1372 1988 1500">
     <span class='ocr_line' id='line_1_23' title="bbox 216 1372 1988 1428; baseline -0.002 -9"><span class='ocrx_word' id='word_1_162' title='bbox 216 1379 361 1419; x_wconf 89' lang='lat' dir='ltr'>vestra</span> <span class='ocrx_word' id='word_1_163' title='bbox 413 1376 687 1418; x_wconf 87' lang='lat' dir='ltr'>dissensione</span> <span class='ocrx_word' id='word_1_164' title='bbox 740 1374 992 1428; x_wconf 88' lang='lat' dir='ltr'>resumptis,</span> <span class='ocrx_word' id='word_1_165' title='bbox 1046 1373 1250 1416; x_wconf 85' lang='lat' dir='ltr'>fortiores</span> <span class='ocrx_word' id='word_1_166' title='bbox 1302 1374 1348 1415; x_wconf 91' lang='lat' dir='ltr'>in</span> <span class='ocrx_word' id='word_1_167' title='bbox 1400 1372 1711 1415; x_wconf 86' lang='lat' dir='ltr'>exterminium</span> <span class='ocrx_word' id='word_1_168' title='bbox 1758 1374 1988 1427; x_wconf 85' lang='lat' dir='ltr'>surgerent</span> 
     </span>
     <span class='ocr_line' id='line_1_24' title="bbox 217 1443 1987 1500; baseline -0.002 -11"><span class='ocrx_word' id='word_1_169' title='bbox 217 1447 564 1489; x_wconf 84' lang='lat' dir='ltr'>christianorum.</span> <span class='ocrx_word' id='word_1_170' title='bbox 629 1446 816 1499; x_wconf 88' lang='lat' dir='ltr'>Insuper</span> <span class='ocrx_word' id='word_1_171' title='bbox 853 1444 1069 1500; x_wconf 84' lang='lat' dir='ltr'>pernicies</span> <span class='ocrx_word' id='word_1_172' title='bbox 1110 1445 1311 1498; x_wconf 87' lang='lat' dir='ltr'>sequitur</span> <span class='ocrx_word' id='word_1_173' title='bbox 1348 1443 1607 1496; x_wconf 91' lang='lat' dir='ltr'>animarum,</span> <span class='ocrx_word' id='word_1_174' title='bbox 1647 1443 1702 1486; x_wconf 89' lang='lat' dir='ltr'>de</span> <span class='ocrx_word' id='word_1_175' title='bbox 1741 1457 1830 1497; x_wconf 92' lang='lat' dir='ltr'>quo</span> <span class='ocrx_word' id='word_1_176' title='bbox 1862 1444 1987 1485; x_wconf 90' lang='lat' dir='ltr'>tanto</span> 
     </span>
    </p>

    <p class='ocr_par' dir='ltr' id='par_1_10' title="bbox 218 1514 1986 1572">
     <span class='ocr_line' id='line_1_25' title="bbox 218 1514 1986 1572; baseline -0.002 -14"><span class='ocrx_word' id='word_1_177' title='bbox 218 1517 405 1572; x_wconf 88' lang='lat' dir='ltr'>amplius</span> <span class='ocrx_word' id='word_1_178' title='bbox 439 1518 505 1559; x_wconf 88' lang='lat' dir='ltr'>est</span> <span class='ocrx_word' id='word_1_179' title='bbox 537 1516 876 1569; x_wconf 86' lang='lat' dir='ltr'>condolendum,</span> <span class='ocrx_word' id='word_1_180' title='bbox 918 1516 1084 1569; x_wconf 88' lang='lat' dir='ltr'>quanto</span> <span class='ocrx_word' id='word_1_181' title='bbox 1118 1515 1265 1557; x_wconf 90' lang='lat' dir='ltr'>anima</span> <span class='ocrx_word' id='word_1_182' title='bbox 1295 1514 1530 1569; x_wconf 87' lang='lat' dir='ltr'>pretiosior</span> <span class='ocrx_word' id='word_1_183' title='bbox 1561 1515 1629 1556; x_wconf 90' lang='lat' dir='ltr'>est</span> <span class='ocrx_word' id='word_1_184' title='bbox 1660 1527 1794 1568; x_wconf 87' lang='lat' dir='ltr'>quarn</span> <span class='ocrx_word' id='word_1_185' title='bbox 1827 1526 1986 1568; x_wconf 91' lang='lat' dir='ltr'>corpus</span> 
     </span>
    </p>

    <p class='ocr_par' dir='ltr' id='par_1_11' title="bbox 217 1583 2060 1712">
     <span class='ocr_line' id='line_1_26' title="bbox 217 1583 2060 1641; baseline -0.002 -12"><span class='ocrx_word' id='word_1_186' title='bbox 217 1588 336 1630; x_wconf 83' lang='lat' dir='ltr'>iuxta</span> <span class='ocrx_word' id='word_1_187' title='bbox 358 1587 658 1629; x_wconf 88' lang='lat' dir='ltr'>testimonium</span> <span class='ocrx_word' id='word_1_188' title='bbox 680 1586 899 1639; x_wconf 83' lang='lat' dir='ltr'>veritatis,</span> <span class='ocrx_word' id='word_1_189' title='bbox 924 1600 1023 1628; x_wconf 90' lang='lat' dir='ltr'>cum</span> <span class='ocrx_word' id='word_1_190' title='bbox 1052 1586 1114 1626; x_wconf 82' lang='lat' dir='ltr'>nil</span> <span class='ocrx_word' id='word_1_191' title='bbox 1127 1586 1262 1641; x_wconf 70' lang='lat' dir='ltr'>prosit</span> <span class='ocrx_word' id='word_1_192' title='bbox 1283 1584 1449 1634; x_wconf 72' lang='lat' dir='ltr'>homini,</span> <span class='ocrx_word' id='word_1_193' title='bbox 1475 1586 1516 1626; x_wconf 75' lang='lat' dir='ltr'>si</span> <span class='ocrx_word' id='word_1_194' title='bbox 1534 1586 1770 1626; x_wconf 71' lang='lat' dir='ltr'>universum</span> <span class='ocrx_word' id='word_1_195' title='bbox 1790 1583 1988 1625; x_wconf 80' lang='lat' dir='ltr'>mundum</span> <span class='ocrx_word' id='word_1_196' title='bbox 2003 1585 2060 1626; x_wconf 73' lang='lat'>20</span> 
     </span>
     <span class='ocr_line' id='line_1_27' title="bbox 219 1655 1989 1712; baseline -0.002 -13"><span class='ocrx_word' id='word_1_197' title='bbox 219 1659 407 1707; x_wconf 76' lang='lat' dir='ltr'>lucretur,</span> <span class='ocrx_word' id='word_1_198' title='bbox 433 1660 566 1698; x_wconf 77' lang='lat' dir='ltr'>anime</span> <span class='ocrx_word' id='word_1_199' title='bbox 590 1671 677 1699; x_wconf 75' lang='lat' dir='ltr'>vero</span> <span class='ocrx_word' id='word_1_200' title='bbox 699 1658 896 1697; x_wconf 75' lang='lat' dir='ltr'>sustineat</span> <span class='ocrx_word' id='word_1_201' title='bbox 917 1657 1213 1698; x_wconf 75' lang='lat' dir='ltr'>detrimentum.</span> <span class='ocrx_word' id='word_1_202' title='bbox 1230 1656 1263 1712; x_wconf 94' lang='lat'>¹)</span> <span class='ocrx_word' id='word_1_203' title='bbox 1316 1655 1383 1698; x_wconf 84' lang='lat' dir='ltr'>Ne</span> <span class='ocrx_word' id='word_1_204' title='bbox 1406 1655 1537 1710; x_wconf 87' lang='lat' dir='ltr'>igitur</span> <span class='ocrx_word' id='word_1_205' title='bbox 1558 1655 1735 1709; x_wconf 84' lang='lat' dir='ltr'>sanguis</span> <span class='ocrx_word' id='word_1_206' title='bbox 1758 1656 1824 1697; x_wconf 80' lang='lat' dir='ltr'>tot</span> <span class='ocrx_word' id='word_1_207' title='bbox 1846 1667 1989 1709; x_wconf 90' lang='lat' dir='ltr'>popu-</span> 
     </span>
    </p>

    <p class='ocr_par' dir='ltr' id='par_1_12' title="bbox 218 1725 1990 1853">
     <span class='ocr_line' id='line_1_28' title="bbox 218 1725 1989 1781; baseline -0.002 -11"><span class='ocrx_word' id='word_1_208' title='bbox 218 1729 359 1770; x_wconf 89' lang='lat' dir='ltr'>lorum</span> <span class='ocrx_word' id='word_1_209' title='bbox 403 1729 741 1770; x_wconf 86' lang='lat' dir='ltr'>christianorum</span> <span class='ocrx_word' id='word_1_210' title='bbox 785 1728 1036 1770; x_wconf 76' lang='lat' dir='ltr'>effundatur</span> <span class='ocrx_word' id='word_1_211' title='bbox 1084 1760 1092 1768; x_wconf 91' lang='lat'><strong>.</strong></span> <span class='ocrx_word' id='word_1_212' title='bbox 1137 1761 1143 1768; x_wconf 91' lang='lat'>.</span> <span class='ocrx_word' id='word_1_213' title='bbox 1187 1759 1195 1768; x_wconf 93' lang='lat'><strong><em>.</em></strong></span> <span class='ocrx_word' id='word_1_214' title='bbox 1245 1727 1420 1781; x_wconf 79' lang='lat' dir='ltr'>oportet</span> <span class='ocrx_word' id='word_1_215' title='bbox 1466 1726 1687 1781; x_wconf 89' lang='lat' dir='ltr'>principes</span> <span class='ocrx_word' id='word_1_216' title='bbox 1727 1725 1989 1768; x_wconf 89' lang='lat' dir='ltr'>christianos</span> 
     </span>
     <span class='ocr_line' id='line_1_29' title="bbox 219 1795 1990 1853; baseline -0.002 -12"><span class='ocrx_word' id='word_1_217' title='bbox 219 1800 453 1842; x_wconf 79' lang='lat' dir='ltr'>incendere</span> <span class='ocrx_word' id='word_1_218' title='bbox 478 1800 533 1841; x_wconf 89' lang='lat' dir='ltr'>ad</span> <span class='ocrx_word' id='word_1_219' title='bbox 555 1813 708 1853; x_wconf 87' lang='lat' dir='ltr'>pacem</span> <span class='ocrx_word' id='word_1_220' title='bbox 731 1812 830 1840; x_wconf 88' lang='lat' dir='ltr'>cum</span> <span class='ocrx_word' id='word_1_221' title='bbox 854 1799 1106 1841; x_wconf 83' lang='lat' dir='ltr'>christianis</span> <span class='ocrx_word' id='word_1_222' title='bbox 1129 1798 1501 1852; x_wconf 85' lang='lat' dir='ltr'>consequendam.</span> <span class='ocrx_word' id='word_1_223' title='bbox 1536 1797 1682 1848; x_wconf 89' lang='lat' dir='ltr'>Quare</span> <span class='ocrx_word' id='word_1_224' title='bbox 1706 1795 1990 1838; x_wconf 85' lang='lat' dir='ltr'>serenitatem</span> 
     </span>
    </p>

    <p class='ocr_par' dir='ltr' id='par_1_13' title="bbox 220 1865 1990 1924">
     <span class='ocr_line' id='line_1_30' title="bbox 220 1865 1990 1924; baseline -0.003 -11"><span class='ocrx_word' id='word_1_225' title='bbox 220 1872 409 1913; x_wconf 86' lang='lat' dir='ltr'>vestram</span> <span class='ocrx_word' id='word_1_226' title='bbox 432 1871 596 1924; x_wconf 87' lang='lat' dir='ltr'>regiam</span> <span class='ocrx_word' id='word_1_227' title='bbox 619 1871 858 1924; x_wconf 84' lang='lat' dir='ltr'>rogandam</span> <span class='ocrx_word' id='word_1_228' title='bbox 890 1870 1095 1912; x_wconf 82' lang='lat' dir='ltr'>duximus</span> <span class='ocrx_word' id='word_1_229' title='bbox 1126 1869 1230 1911; x_wconf 87' lang='lat' dir='ltr'>etin</span> <span class='ocrx_word' id='word_1_230' title='bbox 1264 1868 1444 1911; x_wconf 87' lang='lat' dir='ltr'>domino</span> <span class='ocrx_word' id='word_1_231' title='bbox 1475 1868 1814 1920; x_wconf 89' lang='lat' dir='ltr'>exhortandam,</span> <span class='ocrx_word' id='word_1_232' title='bbox 1847 1865 1990 1921; x_wconf 86' lang='lat' dir='ltr'>quati-</span> 
     </span>
    </p>

    <p class='ocr_par' dir='ltr' id='par_1_14' title="bbox 220 1936 2216 2843">
     <span class='ocr_line' id='line_1_31' title="bbox 221 1936 2060 1995; baseline -0.003 -12"><span class='ocrx_word' id='word_1_233' title='bbox 221 1955 304 1983; x_wconf 91' lang='lat' dir='ltr'>nus</span> <span class='ocrx_word' id='word_1_234' title='bbox 338 1955 436 1983; x_wconf 89' lang='lat' dir='ltr'>cum</span> <span class='ocrx_word' id='word_1_235' title='bbox 477 1941 675 1995; x_wconf 81' lang='lat' dir='ltr'>predicto</span> <span class='ocrx_word' id='word_1_236' title='bbox 698 1940 898 1995; x_wconf 88' lang='lat' dir='ltr'>principe</span> <span class='ocrx_word' id='word_1_237' title='bbox 921 1940 1103 1983; x_wconf 87' lang='lat' dir='ltr'>Francie</span> <span class='ocrx_word' id='word_1_238' title='bbox 1136 1941 1191 1982; x_wconf 89' lang='lat' dir='ltr'>ad</span> <span class='ocrx_word' id='word_1_239' title='bbox 1223 1940 1390 1981; x_wconf 88' lang='lat' dir='ltr'>certum</span> <span class='ocrx_word' id='word_1_240' title='bbox 1412 1938 1650 1981; x_wconf 91' lang='lat' dir='ltr'>terminum</span> <span class='ocrx_word' id='word_1_241' title='bbox 1671 1939 1849 1992; x_wconf 87' lang='lat' dir='ltr'>treugas</span> <span class='ocrx_word' id='word_1_242' title='bbox 1880 1937 1990 1979; x_wconf 91' lang='lat' dir='ltr'>inire</span> <span class='ocrx_word' id='word_1_243' title='bbox 2005 1936 2060 1980; x_wconf 75' lang='lat'>25</span> 
     </span>
     <span class='ocr_line' id='line_1_32' title="bbox 221 2008 2216 2067; baseline -0.003 -13"><span class='ocrx_word' id='word_1_244' title='bbox 221 2013 355 2055; x_wconf 89' lang='lat' dir='ltr'>libeat</span> <span class='ocrx_word' id='word_1_245' title='bbox 378 2013 692 2065; x_wconf 79' lang='lat' dir='ltr'>competenteS,</span> <span class='ocrx_word' id='word_1_246' title='bbox 716 2013 763 2053; x_wconf 90' lang='lat' dir='ltr'>ut</span> <span class='ocrx_word' id='word_1_247' title='bbox 793 2011 966 2053; x_wconf 88' lang='lat' dir='ltr'>interim</span> <span class='ocrx_word' id='word_1_248' title='bbox 989 2011 1287 2053; x_wconf 87' lang='lat' dir='ltr'>mediantibus</span> <span class='ocrx_word' id='word_1_249' title='bbox 1309 2010 1438 2052; x_wconf 89' lang='lat' dir='ltr'>nobis</span> <span class='ocrx_word' id='word_1_250' title='bbox 1462 2011 1505 2052; x_wconf 90' lang='lat' dir='ltr'>et</span> <span class='ocrx_word' id='word_1_251' title='bbox 1527 2009 1623 2052; x_wconf 91' lang='lat' dir='ltr'>aliis</span> <span class='ocrx_word' id='word_1_252' title='bbox 1646 2008 1851 2063; x_wconf 89' lang='lat' dir='ltr'>personis</span> <span class='ocrx_word' id='word_1_253' title='bbox 1882 2008 1990 2063; x_wconf 86' lang='lat' dir='ltr'>ydo-</span> <span class='ocrx_word' id='word_1_254' title='bbox 2209 2036 2216 2067; x_wconf 80' lang='lat'>¹.</span> 
     </span>
     <span class='ocr_line' id='line_1_33' title="bbox 220 2077 1991 2136; baseline -0.002 -12"><span class='ocrx_word' id='word_1_255' title='bbox 220 2083 315 2125; x_wconf 86' lang='lat' dir='ltr'>neis</span> <span class='ocrx_word' id='word_1_256' title='bbox 348 2083 466 2136; x_wconf 90' lang='lat' dir='ltr'>apud</span> <span class='ocrx_word' id='word_1_257' title='bbox 494 2096 572 2124; x_wconf 87' lang='lat' dir='ltr'>vos</span> <span class='ocrx_word' id='word_1_258' title='bbox 606 2082 991 2136; x_wconf 82' lang='lat' dir='ltr'>interponentibus</span> <span class='ocrx_word' id='word_1_259' title='bbox 1043 2082 1191 2136; x_wconf 87' lang='lat' dir='ltr'>partes</span> <span class='ocrx_word' id='word_1_260' title='bbox 1222 2094 1325 2123; x_wconf 91' lang='lat' dir='ltr'>suas</span> <span class='ocrx_word' id='word_1_261' title='bbox 1377 2080 1432 2122; x_wconf 88' lang='lat' dir='ltr'>de</span> <span class='ocrx_word' id='word_1_262' title='bbox 1466 2092 1576 2135; x_wconf 88' lang='lat' dir='ltr'>pace</span> <span class='ocrx_word' id='word_1_263' title='bbox 1604 2080 1823 2134; x_wconf 87' lang='lat' dir='ltr'>perpetua</span> <span class='ocrx_word' id='word_1_264' title='bbox 1854 2077 1991 2121; x_wconf 90' lang='lat' dir='ltr'>refor-</span> 
     </span>
     <span class='ocr_line' id='line_1_34' title="bbox 221 2148 1988 2207; baseline -0.003 -12"><span class='ocrx_word' id='word_1_265' title='bbox 221 2154 382 2195; x_wconf 91' lang='lat' dir='ltr'>manda</span> <span class='ocrx_word' id='word_1_266' title='bbox 414 2153 535 2194; x_wconf 88' lang='lat' dir='ltr'>salva</span> <span class='ocrx_word' id='word_1_267' title='bbox 566 2152 732 2194; x_wconf 88' lang='lat' dir='ltr'>iustitia</span> <span class='ocrx_word' id='word_1_268' title='bbox 754 2152 984 2207; x_wconf 89' lang='lat' dir='ltr'>utriusque</span> <span class='ocrx_word' id='word_1_269' title='bbox 1015 2152 1219 2194; x_wconf 84' lang='lat' dir='ltr'>licentius</span> <span class='ocrx_word' id='word_1_270' title='bbox 1252 2150 1393 2206; x_wconf 90' lang='lat' dir='ltr'>possit</span> <span class='ocrx_word' id='word_1_271' title='bbox 1426 2151 1466 2193; x_wconf 86' lang='lat' dir='ltr'>et</span> <span class='ocrx_word' id='word_1_272' title='bbox 1497 2149 1695 2193; x_wconf 90' lang='lat' dir='ltr'>securius</span> <span class='ocrx_word' id='word_1_273' title='bbox 1716 2148 1988 2204; x_wconf 88' lang='lat' dir='ltr'>pertractari.</span> 
     </span>
     <span class='ocr_line' id='line_1_35' title="bbox 223 2219 1990 2278; baseline -0.002 -13"><span class='ocrx_word' id='word_1_274' title='bbox 223 2224 314 2265; x_wconf 89' lang='lat' dir='ltr'>Nos</span> <span class='ocrx_word' id='word_1_275' title='bbox 337 2223 513 2276; x_wconf 90' lang='lat' dir='ltr'>etenim,</span> <span class='ocrx_word' id='word_1_276' title='bbox 546 2224 591 2265; x_wconf 93' lang='lat' dir='ltr'>in</span> <span class='ocrx_word' id='word_1_277' title='bbox 624 2225 839 2277; x_wconf 87' lang='lat' dir='ltr'>quantum</span> <span class='ocrx_word' id='word_1_278' title='bbox 863 2223 1139 2278; x_wconf 86' lang='lat' dir='ltr'>negotiorum</span> <span class='ocrx_word' id='word_1_279' title='bbox 1166 2221 1342 2265; x_wconf 87' lang='lat' dir='ltr'>unionis</span> <span class='ocrx_word' id='word_1_280' title='bbox 1366 2222 1516 2263; x_wconf 88' lang='lat' dir='ltr'>sancte</span> <span class='ocrx_word' id='word_1_281' title='bbox 1539 2219 1690 2263; x_wconf 88' lang='lat' dir='ltr'>matris</span> <span class='ocrx_word' id='word_1_282' title='bbox 1713 2219 1910 2272; x_wconf 89' lang='lat' dir='ltr'>ecclesie,</span> <span class='ocrx_word' id='word_1_283' title='bbox 1934 2219 1990 2262; x_wconf 86' lang='lat' dir='ltr'>ad</span> 
     </span>
     <span class='ocr_line' id='line_1_36' title="bbox 223 2289 2063 2348; baseline -0.002 -12"><span class='ocrx_word' id='word_1_284' title='bbox 223 2307 308 2348; x_wconf 87' lang='lat' dir='ltr'>que</span> <span class='ocrx_word' id='word_1_285' title='bbox 331 2307 487 2336; x_wconf 86' lang='lat' dir='ltr'>manus</span> <span class='ocrx_word' id='word_1_286' title='bbox 521 2293 733 2347; x_wconf 89' lang='lat' dir='ltr'>misimus,</span> <span class='ocrx_word' id='word_1_287' title='bbox 767 2293 957 2348; x_wconf 89' lang='lat' dir='ltr'>qualitas</span> <span class='ocrx_word' id='word_1_288' title='bbox 996 2295 1039 2336; x_wconf 92' lang='lat' dir='ltr'>et</span> <span class='ocrx_word' id='word_1_289' title='bbox 1076 2307 1221 2336; x_wconf 89' lang='lat' dir='ltr'>rerum</span> <span class='ocrx_word' id='word_1_290' title='bbox 1255 2292 1547 2347; x_wconf 87' lang='lat' dir='ltr'>gerendarum</span> <span class='ocrx_word' id='word_1_291' title='bbox 1585 2290 1694 2333; x_wconf 91' lang='lat' dir='ltr'>ordo</span> <span class='ocrx_word' id='word_1_292' title='bbox 1726 2289 1990 2345; x_wconf 88' lang='lat' dir='ltr'>permiserit,</span> <span class='ocrx_word' id='word_1_293' title='bbox 2006 2290 2063 2332; x_wconf 86' lang='lat'>30</span> 
     </span>
     <span class='ocr_line' id='line_1_37' title="bbox 224 2362 1991 2414; baseline -0.001 -9"><span class='ocrx_word' id='word_1_294' title='bbox 224 2364 442 2406; x_wconf 88' lang='lat' dir='ltr'>desiderio</span> <span class='ocrx_word' id='word_1_295' title='bbox 476 2364 779 2406; x_wconf 85' lang='lat' dir='ltr'>desideramus</span> <span class='ocrx_word' id='word_1_296' title='bbox 812 2366 855 2406; x_wconf 91' lang='lat' dir='ltr'>et</span> <span class='ocrx_word' id='word_1_297' title='bbox 888 2378 991 2406; x_wconf 90' lang='lat' dir='ltr'>cura</span> <span class='ocrx_word' id='word_1_298' title='bbox 1015 2364 1200 2407; x_wconf 88' lang='lat' dir='ltr'>sollicita</span> <span class='ocrx_word' id='word_1_299' title='bbox 1223 2363 1398 2406; x_wconf 88' lang='lat' dir='ltr'>efficere</span> <span class='ocrx_word' id='word_1_300' title='bbox 1421 2362 1691 2414; x_wconf 84' lang='lat' dir='ltr'>affectamus,</span> <span class='ocrx_word' id='word_1_301' title='bbox 1720 2362 1770 2403; x_wconf 90' lang='lat' dir='ltr'>ut</span> <span class='ocrx_word' id='word_1_302' title='bbox 1789 2374 1868 2403; x_wconf 90' lang='lat' dir='ltr'>vos</span> <span class='ocrx_word' id='word_1_303' title='bbox 1891 2373 1991 2404; x_wconf 88' lang='lat' dir='ltr'>cum</span> 
     </span>
     <span class='ocr_line' id='line_1_38' title="bbox 225 2431 1992 2488; baseline -0.001 -13"><span class='ocrx_word' id='word_1_304' title='bbox 225 2434 395 2488; x_wconf 85' lang='lat' dir='ltr'>prefato</span> <span class='ocrx_word' id='word_1_305' title='bbox 420 2435 668 2478; x_wconf 88' lang='lat' dir='ltr'>adversario</span> <span class='ocrx_word' id='word_1_306' title='bbox 691 2436 838 2477; x_wconf 87' lang='lat' dir='ltr'>vestro</span> <span class='ocrx_word' id='word_1_307' title='bbox 862 2435 1044 2478; x_wconf 87' lang='lat' dir='ltr'>Francie</span> <span class='ocrx_word' id='word_1_308' title='bbox 1066 2435 1251 2477; x_wconf 87' lang='lat' dir='ltr'>invicem</span> <span class='ocrx_word' id='word_1_309' title='bbox 1276 2433 1466 2485; x_wconf 78' lang='lat' dir='ltr'>diligatis</span> <span class='ocrx_word' id='word_1_310' title='bbox 1488 2434 1534 2476; x_wconf 92' lang='lat' dir='ltr'>in</span> <span class='ocrx_word' id='word_1_311' title='bbox 1555 2431 1872 2486; x_wconf 87' lang='lat' dir='ltr'>tranquillitate</span> <span class='ocrx_word' id='word_1_312' title='bbox 1893 2431 1992 2474; x_wconf 89' lang='lat' dir='ltr'>uni-</span> 
     </span>
     <span class='ocr_line' id='line_1_39' title="bbox 222 2503 1993 2559; baseline -0.001 -13"><span class='ocrx_word' id='word_1_313' title='bbox 222 2505 326 2546; x_wconf 88' lang='lat' dir='ltr'>tatis</span> <span class='ocrx_word' id='word_1_314' title='bbox 358 2505 401 2546; x_wconf 88' lang='lat' dir='ltr'>et</span> <span class='ocrx_word' id='word_1_315' title='bbox 432 2504 477 2546; x_wconf 91' lang='lat' dir='ltr'>in</span> <span class='ocrx_word' id='word_1_316' title='bbox 508 2518 615 2559; x_wconf 86' lang='lat' dir='ltr'>pace</span> <span class='ocrx_word' id='word_1_317' title='bbox 640 2506 852 2559; x_wconf 88' lang='lat' dir='ltr'>opulenta</span> <span class='ocrx_word' id='word_1_318' title='bbox 885 2505 1224 2559; x_wconf 83' lang='lat' dir='ltr'>conquiescatis,</span> <span class='ocrx_word' id='word_1_319' title='bbox 1248 2505 1304 2548; x_wconf 93' lang='lat' dir='ltr'>ad</span> <span class='ocrx_word' id='word_1_320' title='bbox 1334 2505 1567 2558; x_wconf 83' lang='lat' dir='ltr'>utriusque</span> <span class='ocrx_word' id='word_1_321' title='bbox 1589 2503 1784 2545; x_wconf 87' lang='lat' dir='ltr'>vestrum</span> <span class='ocrx_word' id='word_1_322' title='bbox 1812 2514 1993 2546; x_wconf 91' lang='lat' dir='ltr'>concor-</span> 
     </span>
     <span class='ocr_line' id='line_1_40' title="bbox 224 2571 1992 2631; baseline -0.001 -16"><span class='ocrx_word' id='word_1_323' title='bbox 224 2574 342 2616; x_wconf 92' lang='lat' dir='ltr'>diam</span> <span class='ocrx_word' id='word_1_324' title='bbox 365 2574 644 2617; x_wconf 86' lang='lat' dir='ltr'>nutriendam</span> <span class='ocrx_word' id='word_1_325' title='bbox 667 2578 841 2618; x_wconf 92' lang='lat' dir='ltr'>nostros</span> <span class='ocrx_word' id='word_1_326' title='bbox 864 2577 1080 2631; x_wconf 86' lang='lat' dir='ltr'>cogitatus</span> <span class='ocrx_word' id='word_1_327' title='bbox 1103 2576 1342 2631; x_wconf 84' lang='lat' dir='ltr'>dirigamus</span> <span class='ocrx_word' id='word_1_328' title='bbox 1360 2574 1493 2618; x_wconf 89' lang='lat' dir='ltr'>utiles</span> <span class='ocrx_word' id='word_1_329' title='bbox 1510 2575 1554 2617; x_wconf 87' lang='lat' dir='ltr'>et</span> <span class='ocrx_word' id='word_1_330' title='bbox 1572 2575 1621 2616; x_wconf 92' lang='lat' dir='ltr'>ut</span> <span class='ocrx_word' id='word_1_331' title='bbox 1637 2572 1761 2627; x_wconf 90' lang='lat' dir='ltr'>pacis</span> <span class='ocrx_word' id='word_1_332' title='bbox 1777 2571 1992 2615; x_wconf 90' lang='lat' dir='ltr'>connexio</span> 
     </span>
     <span class='ocr_line' id='line_1_41' title="bbox 223 2641 2063 2701; baseline -0.001 -16"><span class='ocrx_word' id='word_1_333' title='bbox 223 2644 465 2698; x_wconf 88' lang='lat' dir='ltr'>proveniat.</span> <span class='ocrx_word' id='word_1_334' title='bbox 530 2646 581 2687; x_wconf 93' lang='lat' dir='ltr'>In</span> <span class='ocrx_word' id='word_1_335' title='bbox 619 2648 834 2700; x_wconf 88' lang='lat' dir='ltr'>quantum</span> <span class='ocrx_word' id='word_1_336' title='bbox 874 2647 1064 2701; x_wconf 89' lang='lat' dir='ltr'>negotia,</span> <span class='ocrx_word' id='word_1_337' title='bbox 1103 2648 1152 2689; x_wconf 90' lang='lat' dir='ltr'>ut</span> <span class='ocrx_word' id='word_1_338' title='bbox 1193 2646 1453 2701; x_wconf 86' lang='lat' dir='ltr'>prelibatur,</span> <span class='ocrx_word' id='word_1_339' title='bbox 1485 2645 1663 2699; x_wconf 88' lang='lat' dir='ltr'>incepta</span> <span class='ocrx_word' id='word_1_340' title='bbox 1693 2641 1992 2698; x_wconf 89' lang='lat' dir='ltr'>permiserint,</span> <span class='ocrx_word' id='word_1_341' title='bbox 2006 2641 2063 2684; x_wconf 85' lang='lat'>35</span> 
     </span>
     <span class='ocr_line' id='line_1_42' title="bbox 225 2713 1993 2771; baseline 0 -16"><span class='ocrx_word' id='word_1_342' title='bbox 225 2714 357 2756; x_wconf 88' lang='lat' dir='ltr'>etiam</span> <span class='ocrx_word' id='word_1_343' title='bbox 388 2715 568 2769; x_wconf 90' lang='lat' dir='ltr'>propria</span> <span class='ocrx_word' id='word_1_344' title='bbox 599 2717 645 2758; x_wconf 89' lang='lat' dir='ltr'>in</span> <span class='ocrx_word' id='word_1_345' title='bbox 677 2730 869 2770; x_wconf 89' lang='lat' dir='ltr'>persona</span> <span class='ocrx_word' id='word_1_346' title='bbox 899 2730 982 2760; x_wconf 92' lang='lat' dir='ltr'>nos</span> <span class='ocrx_word' id='word_1_347' title='bbox 1014 2716 1339 2771; x_wconf 89' lang='lat' dir='ltr'>interponendo</span> <span class='ocrx_word' id='word_1_348' title='bbox 1369 2715 1439 2759; x_wconf 85' lang='lat' dir='ltr'>vel</span> <span class='ocrx_word' id='word_1_349' title='bbox 1471 2715 1628 2758; x_wconf 84' lang='lat' dir='ltr'>saltem</span> <span class='ocrx_word' id='word_1_350' title='bbox 1649 2726 1731 2770; x_wconf 90' lang='lat' dir='ltr'>per</span> <span class='ocrx_word' id='word_1_351' title='bbox 1750 2713 1993 2756; x_wconf 84' lang='lat' dir='ltr'>ambassia-</span> 
     </span>
     <span class='ocr_line' id='line_1_43' title="bbox 224 2778 1994 2843; baseline 0.001 -18"><span class='ocrx_word' id='word_1_352' title='bbox 224 2785 342 2826; x_wconf 90' lang='lat' dir='ltr'>tores</span> <span class='ocrx_word' id='word_1_353' title='bbox 394 2785 600 2828; x_wconf 88' lang='lat' dir='ltr'>instando</span> <span class='ocrx_word' id='word_1_354' title='bbox 651 2800 732 2841; x_wconf 90' lang='lat' dir='ltr'>pro</span> <span class='ocrx_word' id='word_1_355' title='bbox 785 2787 1015 2842; x_wconf 88' lang='lat' dir='ltr'>utriusque</span> <span class='ocrx_word' id='word_1_356' title='bbox 1066 2787 1215 2842; x_wconf 90' lang='lat' dir='ltr'>quiete</span> <span class='ocrx_word' id='word_1_357' title='bbox 1266 2788 1313 2830; x_wconf 87' lang='lat' dir='ltr'>et</span> <span class='ocrx_word' id='word_1_358' title='bbox 1363 2799 1472 2843; x_wconf 83' lang='lat' dir='ltr'>pace</span> <span class='ocrx_word' id='word_1_359' title='bbox 1523 2778 1734 2829; x_wconf 81' lang='lat' dir='ltr'>duratura</span> <span class='ocrx_word' id='word_1_360' title='bbox 1785 2795 1866 2840; x_wconf 87' lang='lat' dir='ltr'>per</span> <span class='ocrx_word' id='word_1_361' title='bbox 1912 2782 1994 2827; x_wconf 90' lang='lat' dir='ltr'>Dei</span> 
     </span>
    </p>
   </div>
   <div class='ocr_carea' id='block_1_5' title="bbox 2208 2156 2216 2361">
    <p class='ocr_par' dir='ltr' id='par_1_15' title="bbox 2208 2156 2216 2361">
     <span class='ocr_line' id='line_1_44' title="bbox 2208 2156 2216 2361; textangle 90"><span class='ocrx_word' id='word_1_362' title='bbox 2208 2293 2216 2361; x_wconf 49' lang='grc' dir='ltr'>-ι-</span> <span class='ocrx_word' id='word_1_363' title='bbox 2210 2256 2216 2270; x_wconf 29' lang='grc' dir='ltr'>Α.</span> <span class='ocrx_word' id='word_1_364' title='bbox 2211 2197 2216 2208; x_wconf 83' lang='grc'>-</span> <span class='ocrx_word' id='word_1_365' title='bbox 2208 2156 2216 2168; x_wconf 81' lang='grc' dir='ltr'>ι</span> 
     </span>
    </p>
   </div>
   <div class='ocr_carea' id='block_1_6' title="bbox 1996 2358 2216 3432">
    <p class='ocr_par' dir='ltr' id='par_1_16' title="bbox 1996 2358 2216 3432">
     <span class='ocr_line' id='line_1_45' title="bbox 1996 2358 2216 3432; baseline 0 -821"><span class='ocrx_word' id='word_1_366' title='bbox 1996 2358 2216 3432; x_wconf 95' lang='lat' dir='ltr'>   </span> 
     </span>
    </p>
   </div>
   <div class='ocr_carea' id='block_1_7' title="bbox 341 2947 596 2983">
    <p class='ocr_par' dir='ltr' id='par_1_17' title="bbox 341 2947 596 2983">
     <span class='ocr_line' id='line_1_46' title="bbox 341 2947 596 2983; baseline 0.004 -8"><span class='ocrx_word' id='word_1_367' title='bbox 341 2947 372 2982; x_wconf 77' lang='lat' dir='ltr'>a)</span> <span class='ocrx_word' id='word_1_368' title='bbox 393 2954 539 2983; x_wconf 77' lang='lat' dir='ltr'>congrua</span> <span class='ocrx_word' id='word_1_369' title='bbox 558 2948 596 2976; x_wconf 87' lang='grc' dir='ltr'>Β.</span> 
     </span>
    </p>
   </div>
   <div class='ocr_carea' id='block_1_8' title="bbox 347 3005 754 3055">
    <p class='ocr_par' dir='ltr' id='par_1_18' title="bbox 347 3005 754 3055">
     <span class='ocr_line' id='line_1_47' title="bbox 347 3005 754 3055; baseline 0.005 -13"><span class='ocrx_word' id='word_1_370' title='bbox 347 3007 374 3052; x_wconf 87' lang='lat'>¹)</span> <span class='ocrx_word' id='word_1_371' title='bbox 398 3005 590 3055; x_wconf 52' lang='lat' dir='ltr'>Mattheus,</span> <span class='ocrx_word' id='word_1_372' title='bbox 614 3007 672 3053; x_wconf 88' lang='grc'>16,</span> <span class='ocrx_word' id='word_1_373' title='bbox 695 3007 754 3044; x_wconf 83' lang='grc'>26.</span> 
     </span>
    </p>
   </div>
  </div>
 </body>
</html>
