2216 3432
221 133 301 175 152
427 183 429 185 v
531 141 574 175 11.
600 139 797 173 Abschnitt.
846 137 917 171 Das
943 135 1114 170 romische
1138 133 1279 171 Konzil.
1330 133 1422 169 1412
1445 132 1520 168 und
1547 133 1651 169 1413.

218 249 315 291 Rex
346 247 540 289 Francie.
603 246 711 296 Quis
748 244 928 298 insuper
959 242 1202 284 Almannos
1235 239 1569 294 Germanosque
1611 240 1654 281 et
1685 237 1893 292 Anglicos
1923 250 1975 282 ac

219 319 387 360 ceteros
429 315 758 359 christianitatis
801 313 1022 368 principes
1073 312 1178 353 illuc
1225 309 1374 353 venire
1413 310 1589 352 induxit
1631 311 1764 363 atque
1805 308 1974 352 movit?

220 390 317 431 Rex
349 387 542 429 Francie.
605 386 714 436 Quis
746 386 920 426 demum
951 382 1149 424 omnium
1179 381 1430 423 mortalium
1462 381 1555 422 vult
1577 382 1620 422 et
1643 381 1790 433 potest
1811 380 1976 433 pariter

222 458 281 511 id,
313 458 430 511 quod
461 458 596 499 restat
639 457 691 498 de
730 455 904 505 unione,
942 452 1154 506 perficere
1194 454 1237 493 et
1269 451 1455 493 ecclesie
1486 451 1565 492 Dei
1606 463 1656 492 ac
1695 463 1776 492 suo
1812 449 1976 493 vicario

220 528 526 582 possetenusss)
558 525 767 579 obsequi?
811 526 905 567 Rex
937 523 1133 571 Francie,
1177 524 1226 564 ut
1258 521 1452 576 profecto
1485 521 1633 563 nullus
1667 521 1826 563 debeat
1857 519 2016 563 com-5

220 597 413 652 parative
452 598 507 639 ad
544 611 644 638 eum
683 595 919 650 privilegiis
963 595 1006 636 et
1044 593 1197 646 gratiis
1236 592 1487 646 apostolicis
1527 591 1739 645 potiendo
1771 591 1975 645 gaudere.

222 669 314 710 Nec
352 667 513 721 quippe
555 667 798 708 invidemus
835 667 911 707 aut
956 665 1137 706 moleste
1180 663 1360 706 ferimus
1402 662 1446 704 in
1483 662 1631 716 aliquo
1679 675 1824 704 arcem
1871 675 1978 716 apo-

223 738 421 780 stolicam
461 738 658 779 insuetas
702 737 862 790 gratias
895 749 992 777 cum
1026 733 1314 788 prerogativis
1358 746 1444 774 non
1485 733 1648 775 auditis
1690 732 1980 790 scolasticis1)

223 822 355 862 quam
406 808 607 861 pluribus
658 808 775 849 omni
828 807 966 860 gratia
1019 804 1283 856 dignissimis
1335 817 1466 845 manu
1521 803 1656 845 totius
1704 803 1979 846 liberalitatis

224 879 482 929 extendisse,
526 878 600 919 sed
641 879 850 918 miramur
892 876 1042 929 utique
1080 876 1124 917 in
1167 888 1377 916 nauseam
1422 875 1689 928 quibusdam
1732 874 1979 924 advenisse,
2000 872 2052 914 10

224 949 341 1002 quod
372 948 655 990 benemeritis
688 947 972 989 servitoribus
1005 947 1227 988 continuis
1261 946 1370 995 eius,
1404 946 1479 999 qui
1515 948 1640 999 pater
1670 946 1867 987 omnium
1900 947 1980 995 est,

223 1019 268 1060 in
299 1032 530 1073 personam
563 1032 638 1060 sue
670 1018 917 1060 serenitatis
950 1018 1110 1070 gratias
1144 1017 1273 1058 saciat
1307 1019 1454 1058 vestra
1486 1016 1697 1058 sanctitas
1736 1016 1980 1070 singulares

225 1090 475 1142 nodumque
507 1089 551 1130 in
584 1090 704 1142 cirpo
737 1092 971 1143 querentes
1005 1088 1164 1129 nostris
1197 1088 1522 1141 supplicatibus
1555 1087 1858 1128 adversantur.
1908 1087 1982 1130 Sic

225 1173 399 1212 quoque
437 1159 611 1200 sinistra
659 1159 937 1212 suggestione
985 1161 1150 1201 fontem
1190 1161 1333 1199 vestre
1374 1157 1658 1210 benignitatis
1703 1157 1982 1211 exhauriunt,

224 1228 374 1270 nichili
416 1230 646 1280 ducentes,
697 1231 838 1284 prima
890 1231 1072 1282 pignora
1125 1242 1394 1270 summorum
1439 1228 1699 1281 pontificum
1742 1230 1786 1270 et
1829 1242 1981 1282 regum
2001 1226 2051 1268 15

223 1299 404 1340 Francie
435 1299 618 1342 forsitan
650 1301 839 1353 tependo
872 1301 1061 1342 dissolvi.

341 1369 431 1410 Nec
467 1370 648 1423 insuper
690 1372 755 1411 est
795 1371 1050 1421 verendum,
1097 1371 1257 1423 regiain
1298 1371 1573 1412 maiestatem
1611 1383 1690 1424 per
1730 1369 1981 1413 huiusmodi

224 1439 545 1480 nominationes
579 1441 630 1481 de
661 1440 883 1481 beneficiis
906 1441 1207 1482 indifferenter
1230 1442 1305 1482 aut
1330 1440 1562 1493 indigeste,
1597 1443 1645 1482 ut
1670 1440 1819 1489 laicus,
1853 1440 1983 1482 sicuti

229 1509 363 1561 aliqui
401 1511 644 1562 autumant,
688 1511 920 1563 disponere
958 1512 1081 1554 velle.
1130 1525 1262 1564 quam
1304 1510 1610 1552 ecclesiasticis
1652 1524 1702 1552 ac
1746 1510 1898 1565 probis
1941 1513 1984 1552 et

225 1578 497 1620 electissimis
529 1580 654 1626 viris:
688 1582 741 1622 de
774 1582 857 1623 isto
889 1581 1067 1633 penitus
1100 1582 1182 1623 sub
1213 1595 1364 1623 eorum
1389 1581 1657 1623 conscientia
1678 1581 1834 1635 prebet
1856 1579 2055 1634 onus,20

224 1661 396 1702 semper
437 1650 519 1690 sub
557 1652 820 1693 auctoritate
862 1652 1038 1704 speciali
1072 1666 1193 1693 sacre
1226 1652 1354 1693 sedis.
1420 1652 1546 1703 Ergo,
1587 1654 1636 1693 ut
1668 1653 1724 1693 ad
1756 1652 1982 1706 sequelam

222 1719 447 1777 paulisper
495 1722 737 1774 redeamus,
786 1726 931 1764 cetera
978 1723 1123 1765 studia
1172 1724 1320 1765 studio
1367 1722 1605 1765 parisiensi
1653 1722 1698 1764 in
1744 1723 1983 1777 gratiarum

223 1790 507 1843 prerogativis
539 1793 717 1834 omnino
749 1793 868 1846 paria
900 1794 1048 1835 volent
1081 1808 1189 1836 esse.
1254 1795 1381 1845 Quod
1415 1807 1503 1836 non
1538 1792 1734 1849 audivi2)
1766 1807 1848 1835 nec
1880 1807 1978 1835 cou-

224 1859 353 1910 venit,
386 1861 516 1903 immo
549 1863 692 1905 etiam.
727 1864 800 1905 ubi
836 1865 956 1906 locus
988 1865 1125 1918 gratie
1159 1878 1268 1905 nove
1292 1879 1341 1906 ac
1366 1864 1554 1906 recentis
1578 1864 1868 1918 contingeret,
1900 1863 1984 1919 ipsi

226 1931 460 1971 Parisiensi
508 1932 923 1975 incommutabiliter
970 1935 1130 1977 similes
1180 1936 1342 1977 habitis
1389 1935 1549 1989 gratias
1598 1936 1761 1978 habere
1802 1933 2054 1977 minime25

226 2001 537 2043 contenderent
568 2017 619 2044 ex
652 2004 807 2057 rigore,
840 2019 938 2047 cum
973 2007 1087 2058 rigor
1118 2007 1261 2059 gracie
1291 2020 1473 2060 prorsus
1497 2005 1554 2048 sit
1579 2019 1842 2060 repugnans.
1897 2006 1985 2047 Sed

226 2072 463 2112 retrorsum
501 2074 645 2115 valere
691 2077 1007 2129 consequentia
1047 2077 1219 2118 videtur
1259 2078 1338 2119 hoc
1380 2078 1534 2119 modo:
1579 2077 1798 2119 Sanctitas
1840 2078 1986 2118 vestra

226 2141 319 2182 vult
352 2143 394 2182 et
425 2142 553 2184 offert
584 2146 765 2197 gratiam
798 2146 888 2199 regi
922 2149 1063 2188 facere
1096 2148 1429 2202 circumscripto
1464 2147 1776 2189 nominationis
1809 2147 1986 2188 nomine

227 2211 546 2263 equivalentem
581 2215 635 2256 ad
667 2229 775 2262 eam,
809 2230 938 2270 quam
973 2218 1179 2270 petimus,
1213 2220 1260 2259 ut
1295 2219 1420 2259 nobis
1454 2218 1627 2269 dicitur,
1659 2219 1727 2260 vel
1761 2218 1984 2260 maiorem.

228 2280 362 2332 IgItur
392 2296 525 2336 supra
557 2285 819 2341 designati'')
851 2289 1071 2341 principes
1105 2303 1154 2330 ac
1188 2303 1393 2343 proceres
1425 2290 1481 2331 ad
1515 2289 1704 2331 similem
1738 2289 1985 2331 habendam
2001 2286 2066 2328 30'
2212 2327 2216 2331 .

228 2352 409 2403 gratiam
442 2355 671 2397 confestim
704 2358 850 2399 sedem
882 2360 1167 2412 apostolicam
1202 2360 1490 2402 infestabunt.
1545 2360 1616 2401 Sic
1651 2374 1719 2401 res
1742 2372 1918 2413 quoque
1940 2359 1985 2400 in
2209 2356 2216 2408 ᾗ

227 2420 270 2461 id
304 2422 544 2465 reincidere
587 2430 782 2479 apparet.
824 2442 997 2482 semper
1028 2444 1126 2471 cnm
1161 2430 1300 2481 venia,
1341 2430 1476 2484 gratis
1509 2431 1616 2472 istas
1650 2430 1986 2481 nominationes,

231 2504 340 2543 quas
372 2492 440 2534 ius
474 2495 641 2537 nullum
665 2498 870 2550 prohibet
893 2500 1131 2551 abhorreri,
1165 2503 1207 2542 et
1231 2515 1310 2542 nos
1333 2501 1453 2542 aliud
1476 2500 1728 2554 recipiendo
1750 2499 1987 2542 circuitum

229 2561 484 2615 faceremus,
524 2567 601 2607 sed
633 2569 748 2620 quod
781 2570 919 2611 multo
952 2570 1136 2624 amplius
1169 2573 1248 2622 est,
1288 2574 1440 2613 contra
1471 2573 1515 2613 et
1546 2571 1760 2613 adversus
1792 2572 1985 2613 nostram

332 2691 362 2724 a)
382 2692 599 2725 possethenus
620 2695 654 2721 B.
692 2695 723 2728 b)
743 2695 880 2723 desinati
904 2698 938 2723 Β.
2002 2696 2057 2740 35

349 2751 374 2793 ¹)
406 2750 502 2785 Wolzl
523 2753 576 2786 :lie
610 2754 979 2802 Gunstbezeuyunycn,
1009 2758 1064 2791 die
1095 2758 1159 2792 der
1185 2757 1296 2804 l'apxt
1327 2758 1379 2793 bin
1403 2758 1508 2792 (labin
1540 2759 1604 2792 der
1638 2757 1858 2793 Universitiit
1881 2756 1987 2793 Paris

230 2808 397 2842 eru‘iescn
422 2809 526 2844 hatte.

348 2867 374 2910 2)
402 2868 470 2902 Die
496 2869 750 2917 Bevorzuynmy
775 2873 837 2906 der
863 2873 1011 2909 Paris-er
1041 2874 1259 2910 Uuivcrm’tiit
1287 2875 1405 2910 warde
1431 2875 1519 2910 aber
1542 2875 1630 2910 doch
1656 2875 1810 2921 vielt‘ach
1834 2885 1988 2920 unanye-

230 2925 327 2958 uelem
352 2927 563 2972 empsumlen.
616 2928 777 2964 metris-la
803 2943 869 2964 von
896 2932 992 2966 Niam
1024 2935 1167 2968 iiussert
1196 2934 1270 2968 sich
1301 2933 1457 2969 dari‘a’ber
1483 2934 1588 2970 bitter
1618 2946 1674 2968 am
1699 2933 1848 2969 Schlusa
1873 2933 1988 2969 &einen

229 2988 334 3017 unten
355 2985 602 3032 mityetkcilten
627 2987 957 3035 Reformtraktates.
