2216 3432
415 181 454 216 G.
479 180 676 223 Malatesta,
702 179 838 226 Gregor
861 178 944 216 XII.
969 179 1043 214 und
1070 179 1245 214 Benedikt
1269 178 1371 214 XIII.
1400 180 1646 216 1410-1413.
1674 179 1735 216 Nr.
1761 182 1794 217 7.
1941 170 1998 212 43

140 343 148 350 ·
212 289 370 334 mitare
400 301 452 331 ac
484 287 715 343 quiescere
747 288 791 330 et
822 286 948 330 letari
979 286 1026 329 in
1057 285 1340 341 possessione
1373 286 1492 328 sedis
1540 288 1585 329 et
1622 285 1758 329 infole
1789 288 1998 341 pastoris,

214 361 336 417 quod
366 361 450 403 hoc
482 360 537 402 de
570 359 699 402 nobis
731 358 929 409 estimes,
961 361 1144 413 propter
1176 357 1383 400 sinistras
1415 356 1759 399 informaciones
1791 358 1862 400 vel
1893 357 1998 401 facti

212 431 528 487 ignoranciam,
551 444 638 485 que
671 429 812 472 eciam
843 428 1137 484 peritissimos
1171 442 1276 484 sepe
1308 428 1434 479 fallit,
1475 442 1567 471 non
1600 429 1864 483 ambigimus
1896 442 2000 484 pro-

212 503 401 547 venisse.
466 502 580 545 Nam
626 502 663 543 si
710 501 939 544 informari
987 500 1184 552 libuerit,
1233 500 1435 542 invenies
1484 514 1586 543 vere
1618 501 1662 542 et
1693 500 2000 555 perspicacius

171 573 381 630 5poteris
412 572 578 616 intueri
627 586 707 615 nos
755 585 808 614 eo
855 571 993 625 magis
1026 571 1082 615 ad
1115 571 1431 614 eliminandam
1464 571 1595 614 huius
1639 570 1999 626 pestilentissimi

213 646 355 688 morbi
389 645 533 687 labem
564 643 751 686 intentis
785 643 946 686 studiis
978 643 1186 698 vigilasse
1233 645 1277 685 et
1321 656 1422 685 cum
1464 642 1844 685 inextimabilibus
1883 643 2001 696 peri-

212 717 341 769 culis,
390 715 624 759 laboribus
675 717 718 757 et
765 715 975 768 expensis
1011 715 1149 757 eciam
1187 715 1234 757 in
1264 715 1447 757 remotis
1480 715 1682 769 partibus
1715 716 1869 757 exacta
1901 714 2002 757 dili-

215 789 369 844 gencia
403 789 591 831 eandem
624 788 812 830 ecclesie
862 786 1076 829 unitatem
1123 787 1262 828 fuisse
1310 786 1415 828 totis
1463 786 1695 829 conatibus
1727 787 2001 840 prosecutos,

213 874 301 914 quo
333 861 389 902 ab
422 860 511 910 1110,
545 859 672 901 cuius
704 859 900 913 gerimus
931 859 1050 901 vices
1083 859 1129 900 in
1161 859 1306 900 terris.
1341 858 1559 913 cuiusque
1591 857 1823 912 negocium
1854 857 2001 900 venti-

111 987 114 990 Δ
145 930 343 985 lOlatur,
378 931 598 986 recepturi
633 944 785 973 sumus
818 931 875 972 ob
909 931 991 973 hoc
1024 933 1100 972 aut
1134 931 1188 972 de
1217 930 1440 973 constanti
1475 932 1519 972 et
1542 929 1785 984 officiosaa)
1816 942 1922 972 cura
1956 931 2000 971 et

213 1003 436 1058 exquisita
468 1002 655 1045 solercia
688 1003 896 1044 meritum
929 1005 1019 1044 aut.
1045 1003 1164 1055 quod
1199 1002 1329 1053 absit,
1354 1003 1408 1043 de
1439 999 1761 1056 negligenciab)
1795 1003 1839 1043 et
1861 1000 2001 1055 pusil-

212 1075 458 1118 lanimitate
491 1073 773 1128 supplicium.
839 1074 931 1116 Nec
980 1074 1134 1116 credat
1183 1076 1258 1115 tue
1291 1073 1538 1115 nobilitatis
1572 1073 1756 1115 devocio
1791 1086 1870 1115 nos
1904 1073 2002 1127 qui-

213 1147 355 1189 evisse
389 1159 469 1188 000
502 1146 728 1200 quiescere
773 1145 820 1186 in
852 1145 1051 1187 sessione
1084 1146 1299 1187 kathedre
1333 1158 1412 1187 nec
1445 1145 1633 1199 gaudere
1665 1144 1710 1186 in
1745 1146 1902 1187 decore
1935 1145 2002 1186 in-

213 1219 300 1261 fole
333 1217 582 1272 pastoralis
649 1217 866 1259 Novimus
899 1217 1031 1268 enim,
1075 1217 1235 1270 quibus
1270 1217 1345 1258 illa
1378 1217 1506 1258 sedes
1542 1217 1804 1269 urgentibus
1837 1216 2002 1258 aculeis

144 1286 197 1329 15
214 1290 271 1331 sit
300 1289 480 1340 inserta,
515 1289 592 1342 qui
626 1289 693 1330 sui
727 1289 913 1330 sessoris
937 1287 1132 1330 animum
1155 1289 1520 1330 transverberant
1554 1290 1597 1330 et
1630 1287 1844 1329 interiora
1877 1301 2000 1330 ever-

213 1362 384 1416 tunt⁰);
433 1374 514 1403 nec
557 1360 811 1414 ignoramus
846 1360 1016 1413 prefate
1048 1360 1184 1402 infole
1216 1361 1407 1414 pondus,
1441 1360 1563 1414 quod
1595 1360 1802 1401 humeros
1837 1360 2002 1401 nedum

214 1434 388 1475 nostros
423 1433 611 1475 tenellos
645 1434 688 1474 et
719 1431 894 1485 fragiles
944 1434 1012 1474 set
1054 1432 1193 1474 eciam
1227 1432 1558 1474 robostissimos
1591 1432 1901 1485 cuiuscunque
1935 1434 2002 1474 at-

212 1504 317 1546 terit
348 1506 390 1546 et
429 1503 676 1558 confringit.
740 1503 964 1546 Admonet
1011 1518 1093 1546 nos
1132 1505 1319 1558 insuper
1365 1506 1544 1545 tuarum
1593 1504 1841 1546 litterarum
1874 1505 2003 1546 tenor

214 1588 448 1629 expressus
482 1576 713 1617 attendere
738 1575 1128 1617 abhominaciones
1153 1578 1198 1617 et
1230 1573 1448 1630 scelerad)
1481 1577 1664 1630 propter
1687 1575 2001 1629 impunitatem

144 1645 201 1687 20
214 1648 463 1697 criminum,
498 1660 583 1700 que
617 1660 671 1688 ex
701 1660 926 1689 venenosa
958 1648 1106 1689 radice
1141 1647 1274 1690 huius
1297 1646 1500 1701 pestiferi
1523 1646 1743 1688 scismatis
1767 1647 2000 1700 prodeant.

215 1719 337 1771 Quis,
384 1718 462 1771 fili,
511 1720 664 1772 posset
711 1719 875 1760 nedum
923 1719 1071 1761 omnia
1119 1721 1186 1761 set
1234 1719 1382 1772 aliqua
1416 1717 1671 1760 huiusmodi
1705 1718 1923 1759 malorum
1957 1719 2001 1759 et

212 1790 514 1845 periculorum
545 1789 763 1843 particula
797 1789 1072 1832 sufficienter
1107 1790 1386 1844 exprimere?
1441 1789 1573 1832 Certe
1608 1789 1770 1840 nullus,
1804 1788 1891 1830 nisi
1923 1789 2000 1843 qui

211 1863 362 1916 posset.
394 1861 614 1915 explicare
647 1862 907 1903 antechristi
942 1861 1175 1913 maliciam,
1231 1875 1316 1915 que
1367 1862 1652 1903 transcendet
1685 1874 1831 1912 omne,
1881 1861 2002 1914 quod

212 1932 393 1985 dicitur;
441 1933 567 1974 cuius
599 1933 683 1975 hoc
718 1932 983 1987 pestiferum
1017 1933 1189 1983 scisma,
1240 1934 1326 1975 nisi
1368 1934 1573 1975 celeriter
1608 1933 1824 1974 evellatur
1857 1934 1900 1974 et
1932 1945 2002 1973 ra-

142 2004 196 2046 25
213 2004 371 2047 dicitus
418 2005 705 2059 exstirpetur,
753 2005 1058 2058 perhorrenda
1109 2008 1153 2046 et
1200 2006 1397 2059 pessima
1453 2004 1585 2046 inicia
1633 2005 1910 2057 protestatur
1943 2004 2001 2055 et,

214 2076 333 2131 quod
365 2075 494 2128 absit,
527 2075 825 2118 verisimiliter
855 2077 1124 2119 introducet.
1188 2077 1301 2118 Ecce
1335 2077 1480 2129 igitur,
1529 2075 1606 2128 fili,
1650 2075 1837 2117 ecclesie
1870 2087 2000 2116 verus

214 2149 381 2202 pastor,
432 2148 508 2202 qui
557 2161 604 2189 se
647 2147 730 2189 scit
763 2161 875 2201 esse,
923 2149 1044 2202 quod
1078 2162 1166 2190 000
1199 2147 1335 2190 ceteri
1369 2148 1670 2198 adversantes,
1719 2159 1800 2200 pro
1835 2145 2002 2188 Christi

216 2219 374 2262 ovibus
407 2219 600 2261 animam
632 2221 817 2272 paratus
846 2220 1087 2274 exponere!
1152 2220 1253 2261 Non
1285 2219 1571 2273 permittitur,
1606 2219 1714 2272 quin
1745 2231 1891 2272 ymmo
1925 2218 2001 2259 de-

220 2292 382 2346 negata
413 2290 497 2332 sibi
530 2291 652 2332 omni
683 2291 755 2333 via
785 2290 973 2343 iusticie,
1007 2293 1050 2333 et
1082 2305 1147 2344 ea,
1197 2305 1332 2345 quam
1362 2290 1612 2344 pecierunt,
1646 2292 1800 2331 mutue
1834 2288 2002 2330 scilicet

141 2362 439 2414 30cessionis,
487 2363 665 2416 fugatur
703 2362 789 2404 sibi
837 2364 880 2404 et
917 2364 1025 2415 suis,
1074 2363 1292 2405 securitas
1335 2364 1378 2404 et
1426 2362 1661 2404 audiencia
1711 2362 2000 2415 denegantur.

212 2435 310 2486 Qua
331 2434 466 2488 igitur
489 2433 666 2476 racione
689 2447 793 2476 cum
814 2433 917 2487 illis,
952 2447 1064 2488 quos
1097 2434 1358 2489 hactenuse)
1392 2436 1437 2476 et
1470 2446 1589 2475 nunc
1612 2447 1691 2487 per
1715 2432 2002 2485 diffugiorum

211 2506 406 2550 latebras
439 2507 611 2548 constat
645 2505 839 2548 dormire
872 2519 972 2548 cum
1018 2506 1123 2559 suis,
1173 2520 1268 2558 nos,
1318 2505 1393 2560 qui
1426 2506 1550 2547 tanta
1583 2505 1769 2546 solercia
1801 2502 2002 2557 vigilavi-

211 2591 325 2629 mus,
375 2577 639 2619 dormitasse
686 2578 856 2632 pariter
889 2577 1143 2631 arguimur?
1208 2578 1335 2619 Tunc
1382 2578 1549 2620 frustra
1581 2576 1812 2630 querimur
1850 2576 2003 2617 contra

211 2649 365 2700 malos,
398 2648 564 2691 frustra
597 2649 830 2691 laudamus
862 2650 976 2691 bene
1010 2648 1206 2702 meritos,
1249 2649 1286 2691 si
1318 2650 1530 2702 utrosque
1561 2647 1729 2702 pariter
1761 2646 2002 2699 condemp-

141 2724 196 2770 35
212 2732 382 2762 namus
447 2721 659 2762 Preterea
690 2721 894 2771 fatemur,
926 2720 1003 2773 fili,
1036 2720 1247 2763 verticem
1280 2721 1498 2772 nostrum,
1547 2720 1636 2762 iam
1684 2718 1759 2761 diu
1804 2718 1884 2770 est,
1934 2717 2002 2758 10-

212 2790 448 2833 canduisse
494 2792 657 2845 pruina
703 2792 792 2834 iam
824 2792 966 2846 gelide
1000 2793 1241 2834 senectutis
1291 2795 1335 2834 et
1382 2792 1563 2847 proprie
1618 2791 1708 2833 vite
1757 2789 2000 2845 appropin-

213 2875 374 2918 quasse
421 2862 667 2905 terminum
713 2876 803 2905 non
855 2863 1028 2906 diucius
1075 2864 1412 2918 procelandum,
1461 2863 1580 2905 unde
1629 2861 1865 2905 subtractis
1915 2861 2002 2903 vite

332 3087 364 3127 a)
384 3087 536 3121 efficiosa
554 3089 592 3116 Β.
665 3088 698 3123 b)
718 3088 906 3130 negliencia
924 3089 962 3123 Β.
1036 3090 1065 3132 c)
1086 3088 1239 3123 evertant
1258 3089 1295 3116 Β.
1369 3087 1402 3129 d)
1423 3087 1534 3115 celera
1552 3076 1590 3114 B.
1664 3086 1697 3133 ⁶2
1714 3085 1856 3114 hatenus
1875 3085 1913 3118 B.
