2216 3432
0 0 9 228 Ι
74 214 78 216 ,
400 192 442 230 D.
485 191 703 238 sigismund,
728 195 952 242 Fraukreieh,
976 200 1136 247 England
1163 205 1234 239 und
1260 205 1322 243 das
1346 208 1483 246 Konzil.
1527 211 1584 247 Nr.
1613 214 1688 257 101,
1716 216 1792 253 102.
1887 209 1964 251 371

0 232 11 358 ἑ

0 413 38 584 g

225 300 380 342 natum
414 300 571 342 ducem
592 300 847 356 Burgundio,
868 307 990 359 parte
1013 308 1147 350 altera
1168 324 1245 365 per
1267 326 1482 357 summum
1504 318 1750 371 pontificem
1773 323 1970 377 agitando

224 370 458 426 recepisse.
523 372 641 415 Sane
674 374 947 418 considerata
978 391 1122 421 rerum
1153 381 1213 423 sic
1245 396 1290 425 se
1322 383 1571 429 habentium
1605 391 1647 430 et
1675 394 1971 438 contractuum

223 442 481 485 huiusmodi
520 443 733 497 qualitate
771 446 897 489 vobis
936 450 977 490 et
1014 451 1192 504 prefatis
1231 453 1497 509 principibus
1529 460 1744 511 regalibus
1776 476 1854 505 nec
1885 478 1970 507 non

224 513 354 556 nobis
393 527 484 555 non
517 515 738 558 modicum
773 519 975 572 expedire
1007 522 1309 575 prospicimUS,
1342 527 1460 578 quod
1492 527 1534 568 in
1567 529 1661 582 hiis,
1694 545 1778 584 que
1810 537 1973 588 agenda

183 584 342 638 5sunt,
381 598 463 639 pro
506 587 685 628 comuni
724 589 840 630 statu
881 591 1061 644 pacifico
1102 594 1144 634 et
1180 607 1389 648 prospero
1428 601 1743 654 conservando,
1783 607 1973 659 unanimi

224 656 363 698 eciam
385 658 490 699 voto
515 657 571 698 ad
594 658 807 700 honorem
829 673 1058 704 comunem
1082 663 1320 718 dirigantur
1342 668 1384 707 et
1406 668 1745 727 conformitatea)
1768 676 1973 718 mentium

223 741 274 769 ac
296 728 610 782 communique
638 730 829 783 puritate
857 731 1139 775 deducentur.
1183 735 1410 778 Videretur
1439 739 1553 780 enim
1581 740 1767 784 alienum
1791 744 1843 785 ab
1867 745 1974 787 indi-

220 799 358 842 vidua
380 799 647 842 sinceritatis
665 801 831 843 unitate
849 804 1127 846 concordiam
1145 806 1295 847 exluso
1319 821 1607 863 quocumque,
1627 812 1748 853 cuius
1770 813 1975 857 interesse

223 870 485 924 dinoscitur,
527 872 715 913 tractare
761 874 1094 925 quomodolibet
1136 876 1203 918 vel
1251 877 1436 919 firmare.
1510 880 1585 921 Set
1623 882 1722 934 quia
1760 885 1893 925 multa
1934 887 1974 927 et

154 941 208 983 10
222 942 362 984 multa
402 942 549 984 forent
587 943 781 997 negotia,
822 957 908 998 que
941 945 1027 986 stili
1061 946 1205 988 officio
1238 961 1327 989 non
1358 950 1559 991 convenit
1591 952 1825 1008 exarare,'‘)
1859 956 1973 1008 dum,

222 1013 454 1056 divinitate
486 1014 694 1069 propitia,
734 1015 781 1056 in
814 1028 963 1069 unum,
1006 1017 1128 1059 sicud
1170 1032 1407 1073 speramus,
1440 1034 1627 1075 propere
1660 1024 1974 1078 conveniemus,

220 1086 408 1139 possent
438 1085 593 1139 utique
625 1086 681 1127 ad
714 1086 938 1128 militantis
972 1089 1150 1131 ecclesie
1183 1103 1264 1131 nec
1295 1103 1383 1131 non
1414 1092 1544 1132 vestri
1574 1094 1615 1133 et
1644 1094 1777 1134 nostri
1799 1095 1973 1137 honoris

221 1157 266 1198 et
303 1156 418 1199 fame
456 1157 703 1199 laudabiles
744 1158 906 1211 tytulos
948 1160 1273 1212 perhennaliter
1311 1162 1611 1204 asscribendos
1652 1163 1726 1204 illa
1772 1165 1893 1218 dirigi
1936 1167 1976 1206 et

220 1227 485 1282 promoveri,
526 1228 652 1270 sicud
689 1242 770 1282 per
809 1230 1003 1271 oratores
1016 1230 1050 1284 1)
1092 1233 1263 1273 nostros
1297 1245 1436 1285 nuper
1469 1233 1523 1273 ad
1553 1234 1683 1274 vestri
1716 1236 1975 1287 presentiam

153 1298 206 1340 15
221 1300 480 1353 destinatos,
516 1300 592 1354 qui
624 1299 824 1341 nundum
858 1300 1096 1347 redierunt,
1129 1303 1358 1356 presertim
1389 1316 1520 1356 super
1552 1304 1849 1345 convenientia
1880 1319 1976 1358 per-

220 1372 364 1414 sonali
396 1371 611 1413 nonnulla
643 1371 881 1412 summarie
904 1372 1157 1414 excellentie
1179 1375 1321 1415 vestre
1344 1373 1457 1427 regie
1481 1373 1680 1415 duximus
1703 1374 1973 1415 notificanda.

219 1443 398 1485 Interim
451 1456 570 1495 vero,
625 1443 766 1484 donec
814 1442 998 1495 predicti
1046 1444 1183 1485 nostri
1230 1446 1422 1486 oratores
1471 1445 1524 1485 ad
1572 1458 1651 1485 nos
1697 1447 1975 1497 revertentur,

220 1513 607 1570 ambassiatores2)
655 1512 922 1555 serenissimi
970 1514 1177 1568 principis
1229 1515 1405 1557 Henrici
1458 1515 1567 1568 regis
1615 1515 1781 1568 Anglie,
1834 1514 1974 1556 fratris

219 1587 359 1628 nostri
409 1586 645 1639 carissimi,
694 1598 807 1639 quos
856 1585 1092 1627 novissime
1138 1586 1191 1635 ad
1235 1585 1372 1626 nostri
1424 1585 1687 1639 presentiam
1732 1585 1972 1636 destinarit,

148 1655 483 1699 acconabimur
522 1658 567 1699 in
610 1657 730 1699 curia
768 1658 920 1698 nostra
965 1669 1198 1697 reservare.
1262 1656 1544 1698 Serenissime
1588 1654 1804 1708 princeps,
1846 1655 1974 1696 frater

219 1729 459 1782 carissime,
508 1742 714 1783 rogamus
757 1729 923 1775 intime,
972 1728 1020 1768 ut
1060 1728 1216 1769 vestris
1256 1726 1407 1768 litteris
1451 1726 1640 1767 crebrius
1684 1738 1761 1765 nos
1802 1725 1973 1766 visitare

217 1800 376 1853 velitis,
419 1800 583 1854 quibus
626 1801 758 1854 plene
796 1799 1103 1851 intelligamus,
1146 1797 1330 1851 qualiter
1366 1797 1591 1838 vobiscum
1624 1795 1709 1847 agit
1740 1794 1972 1835 altissimus

218 1871 334 1912 circa
374 1871 525 1914 omnia
569 1873 612 1912 et
654 1870 901 1924 specialiter
946 1869 990 1910 in
1034 1870 1148 1910 dono
1191 1881 1399 1921 corporee
1443 1866 1674 1922 sospitatis.
1746 1866 1805 1906 De
1848 1864 1972 1905 nobis

217 1955 338 1995 verO,
387 1941 425 1983 si
473 1942 730 1996 complacet,
771 1941 991 1990 noveritis,
1041 1940 1158 1993 quod
1198 1939 1313 1980 illius
1354 1937 1491 1992 gratia
1532 1936 1773 1986 miserante,
1815 1935 1858 1974 in
1899 1948 1974 1987 quo

147 2011 203 2053 25
217 2014 403 2063 vivimus,
444 2027 649 2054 movemur
685 2020 723 2054 et
758 2012 957 2067 sumu-333)
997 2011 1127 2065 plena
1158 2009 1338 2051 fruimur
1369 2019 1576 2061 corporea
1607 2005 1825 2059 sospitate,
1856 2005 1972 2057 grato

217 2083 365 2125 cordis
399 2084 559 2126 affectu
591 2084 734 2138 parati
768 2083 824 2124 ad
855 2082 1014 2133 omnia,
1048 2095 1133 2134 que
1164 2081 1305 2122 vestre
1336 2079 1619 2120 blandiuntur
1650 2074 1871 2116 voluntati.

217 2249 320 2299 102.
374 2248 512 2304 Kb‘m‘y
543 2247 788 2304 Siyismund
825 2263 880 2288 αη
912 2245 1072 2301 Herzog]
1105 2244 1211 2285 Karl
1250 2258 1320 2283 con
1351 2241 1524 2282 Orleans
1565 2238 1737 2279 selumibt
1773 2236 1871 2277 iiber
1910 2236 1971 2276 die

218 2320 530 2376 Mittltec‘lunyen
561 2322 693 2362 seinos
724 2318 970 2366 Gesandten,
1004 2316 1098 2357 iiber
1129 2316 1192 2356 die
1222 2314 1406 2368 yeplante
1438 2310 1710 2363 Aasso'lmuny
1742 2307 1867 2347 Karls
1900 2321 1968 2346 von

216 2389 473 2432 Franks-mk
523 2393 600 2432 mit
634 2390 804 2431 Joltann
842 2403 916 2429 von
957 2386 1161 2442 Burymzd
1202 2383 1327 2425 durch
1374 2380 1408 2421 V
1406 2381 1657 2434 ermitteluny
1699 2379 1766 2418 (les
1805 2376 1972 2430 Papstes

145 2455 203 2498 30
219 2461 409 2503 ‹lohanns
442 2459 619 2502 XXIII.
652 2462 739 2502 und
768 2460 957 2502 ermalmc
986 2458 1058 2498 ism
1089 2470 1163 2496 zur
1203 2452 1387 2495 Vorsiclct
1415 2454 1459 2492 in
1489 2451 1619 2491 dieser
1651 2445 1967 2502 Anqeleqenlzeit.

845 2528 977 2584 (1414
1008 2527 1115 2569 nach,
1145 2525 1248 2566 Jum'
1275 2523 1366 2579 25.)

289 2614 321 2648 B
346 2626 410 2649 aas
441 2613 524 2649 Cocl.
550 2613 737 2648 Palatinus
766 2612 831 2646 701
849 2612 919 2657 fol.
944 2609 1015 2644 272
1028 2620 1060 2642 v.

288 2673 331 2708 Βς
358 2685 421 2708 aus
453 2672 641 2708 derselben
672 2672 793 2713 Quelle
822 2671 892 2716 fol.
924 2668 1038 2703 2591).
1077 2666 1257 2700 desselben
1288 2663 1433 2704 Inltalts,
1469 2660 1642 2706 yericlaetet
1672 2669 1716 2690 an
1752 2654 1968 2716 serenissimo

303 2723 311 2729 ⁴
361 2733 516 2778 principi
537 2732 715 2766 Ludouico
744 2731 863 2765 eadem
890 2729 1003 2774 gratia
1020 2725 1236 2761 „iherusalem
1265 2726 1298 2756 et
1315 2721 1431 2756 Sicilie
1456 2720 1527 2763 regi
1551 2718 1697 2760 ducique
1717 2714 1968 2757 Andegauensi,

146 2857 203 2900 35
319 2842 367 2898 ¹a)
389 2861 618 2890 conformitati
638 2861 675 2888 Β.
730 2859 762 2894 b)
784 2859 863 2886 Hier
882 2856 966 2891 folyt
986 2856 1046 2882 set.
1082 2854 1160 2880 Laoc
1180 2859 1255 2878 man
1274 2857 1304 2877 es
1323 2849 1436 2881 slehen,
1455 2853 1490 2874 ⁸0
1509 2845 1617 2872 warde
1636 2843 1706 2870 kein
1724 2841 1796 2869 Satz
1816 2837 1966 2865 enatando

216 2910 372 2939 hommen.

340 2971 366 3015 ¹)
402 2967 699 3004 Walcrscheinliclz
724 2966 779 3001 die
811 2963 1073 3007 Ueberbrinyer
1098 2960 1161 2994 der
1186 2951 1522 2991 Biinclnissurlcunde.

341 3030 367 3074 ²)
392 3028 558 3074 Har-tany
587 3026 684 3062 Gluae.
741 3024 855 3060 Ueber
878 3023 945 3056 den
969 3019 1095 3055 Plural
1116 3017 1184 3063 vyl.
1212 3015 1250 3049 S.
1274 3012 1344 3047 325
1368 3011 1437 3045 und
1457 3008 1537 3043 374.

339 3088 368 3134 ³)
390 3087 466 3122 Aut
491 3087 588 3121 Acta
613 3085 737 3132 Apost.
763 3082 821 3126 17,
844 3080 902 3115 28.
958 3078 1030 3124 Vql.
1055 3087 1130 3112 vor.
1157 3074 1196 3108 S.
1223 3072 1320 3106 Anm.
1350 3070 1378 3103 1.
1592 3121 1682 3165 24*
