2216 3432
928 0 973 21 *a
1046 0 1076 13 ν
1093 0 1219 31 τῇτττῆ

225 156 280 197 22
455 179 460 182 ·
632 163 658 201 1.
683 162 880 198 Abschnitt.
933 158 1362 204 Unionsverhandlungen
1389 155 1442 193 bis
1469 159 1571 196 1413.

346 282 508 324 Contra
561 267 797 322 concilium}
851 265 1053 320 generale
1102 264 1355 307 mandatum
1399 276 1480 318 per
1526 264 1767 318 utrumque
1827 265 1984 320 tunc⁸)

228 351 474 405 collegium,
505 324 623 392 nunc
646 344 791 387 autem
815 337 994 379 unicum
1024 337 1067 377 et
1091 334 1277 386 unitum,
1301 333 1416 376 Pisis
1448 334 1759 388 congregatum
1792 335 1837 376 et
1868 334 1983 376 cele-

227 423 415 473 bratum,
459 420 571 472 scio,
613 415 729 470 quod
766 407 1015 461 allegabunt
1046 405 1141 446 iura
1177 404 1381 445 comunia
1419 403 1635 457 dicencia‚
1667 403 1764 446 sine
1793 404 1984 447 auctori-

228 493 317 533 tate
348 489 535 533 Romani
580 483 798 542 pontificis
837 475 1067 520 concilium
1108 474 1311 527 generale
1360 486 1447 516 non
1493 486 1623 528 posse
1665 474 1896 516 convocari
1940 476 1984 516 et

233 574 483 614 congregarl
515 591 523 600 .
559 590 567 599 .
601 591 610 600 .

353 643 462 683 Item
497 640 600 695 quia
638 637 712 678 aut
730 632 910 676 vacabat
949 629 1136 683 papatus
1169 628 1244 668 aut
1278 639 1386 677 non3
1431 625 1467 666 si
1505 638 1607 676 non,
1640 625 1803 668 domini
1838 626 1982 668 cardi-

236 713 356 754 nales
397 724 483 752 non
524 705 771 751 habueruut
810 700 1069 754 potestatem
1111 698 1201 738 sive
1238 693 1634 750 iurisdictionemb)
1687 696 1881 749 aliquam
1929 696 1986 739 ad

237 782 375 824 instar
413 779 702 833 capitulorum
733 770 1012 815 ecclesiarum
1051 766 1370 809 cathedralium
1392 796 1402 806 .
1436 796 1446 806 .
1480 797 1490 806 .

347 864 459 904 Item
490 862 638 903 contra
669 866 920 911 processum
953 851 1163 903 agitatum
1195 849 1240 890 in
1274 847 1389 890 dicto
1421 847 1604 890 concilio
1637 850 1793 890 contra
1815 847 1982 891 dictum

234 934 413 975 Petrum
459 932 511 973 de
544 928 711 982 Luna⁰)
750 924 955 978 poterunt
988 921 1196 972 allegare,
1241 919 1358 973 quod
1397 918 1541 959 dictus
1575 919 1733 959 Petrus
1778 931 1866 961 non
1899 906 2057 961 fuit10

231 1004 389 1045 citatus
422 1016 496 1043 seu
531 1000 705 1041 vocatus
743 997 798 1038 ad
835 994 996 1035 dictum
1029 990 1260 1032 concilium
1292 989 1518 1042 generale,
1560 989 1661 1030 dato
1694 989 1838 1042 quod,
1877 988 1985 1032 alias

230 1073 419 1127 legitime
442 1071 725 1113 convocatum
758 1067 802 1106 et
833 1062 1152 1115 congregatum,
1185 1062 1300 1101 esset
1332 1059 1462 1100 iudex
1495 1062 1646 1101 contra
1685 1072 1845 1114 papam
1879 1072 1985 1101 con-

232 1145 386 1197 petens
429 1141 474 1182 in
511 1152 642 1181 causa
678 1134 843 1178 heresis
880 1133 945 1175 vel
986 1130 1201 1173 scismatis
1240 1132 1317 1170 aut
1360 1129 1668 1183 incorrigibilis
1709 1129 1983 1172 contumacie

230 1211 400 1255 notorie
446 1211 515 1252 vel
562 1206 756 1251 criminis
795 1204 968 1251 notorii,
1017 1197 1400 1254 scaudalizautisd)
1441 1202 1578 1241 totam
1617 1199 1861 1248 ecclesiam,
1896 1213 1985 1242 non

232 1283 379 1323 tamen
411 1279 573 1323 domini
618 1276 879 1324 cardinales,
926 1272 1001 1326 qui
1048 1284 1134 1312 non
1177 1269 1341 1311 faciunt
1388 1270 1620 1311 concilium
1659 1271 1862 1323 generale
1905 1284 1986 1313 uec
2004 1270 2055 1311 15

234 1352 369 1392 totam
403 1350 629 1391 ecclesiam
672 1346 989 1400 representant.
1058 1342 1113 1382 Et
1145 1340 1207 1382 sic
1240 1354 1326 1381 uon
1366 1341 1576 1393 poterunt
1607 1353 1706 1382 eum
1740 1340 1874 1383 citare
1907 1354 1986 1383 seu

230 1434 465 1475 provocare
499 1454 506 1461 .
542 1451 550 1460 .
586 1450 594 1459 .

345 1503 454 1542 Item
492 1499 738 1553 allegabit&
779 1511 824 1538 se
874 1496 1108 1549 spoliatum
1123 1492 1154 1547 ἱ)
1209 1493 1342 1535 fuisse
1386 1492 1555 1535 notorie
1587 1494 1630 1534 et
1662 1505 1742 1546 per
1784 1493 1986 1536 subtrac-

230 1571 368 1613 tiones
414 1569 664 1612 obediencie
719 1571 762 1610 et
817 1566 975 1608 iurium
1030 1565 1251 1619 papalium
1301 1566 1342 1605 et
1390 1562 1452 1604 sic
1500 1565 1603 1605 ante
1652 1563 1986 1606 restitucionem

231 1641 422 1682 omnium
455 1640 749 1695 predictorum
784 1651 868 1679 non
902 1636 1044 1690 potuit
1076 1635 1219 1677 vocari
1251 1635 1306 1675 ad
1330 1634 1563 1676 concilium
1597 1647 1678 1676 nec
1711 1633 1924 1676 iudicari.
1945 1665 1954 1675 .
1974 1636 2056 1677 ,20

344 1711 450 1752 Item
483 1711 626 1752 nullus
658 1708 888 1764 episcopus
921 1707 1132 1761 spoliatus
1165 1708 1266 1747 ante
1300 1705 1621 1747 restitutionem
1652 1704 1979 1759 integerrimam

229 1782 375 1835 potest
409 1782 461 1822 (le
493 1780 674 1822 crimine
706 1777 901 1821 accusari
936 1809 944 1818 .
979 1809 987 1817 .
1024 1808 1032 1817 .

346 1864 547 1904 I’reterea
580 1862 765 1914 allegare
799 1861 1020 1913 poterunt,
1054 1859 1169 1912 quod
1204 1859 1258 1900 ab
1291 1858 1482 1899 inimicis
1515 1858 1699 1900 notoriis
1732 1857 1838 1901 dicti
1862 1858 1982 1901 Petri

237 1933 318 1974 fuit
350 1934 486 1974 sactus
519 1945 774 1985 processus,
817 1931 1023 1972 videlicet
1061 1943 1086 1970 a
1127 1928 1307 1983 prelatis
1342 1928 1461 1982 regui
1494 1928 1698 1981 Francie,
1733 1929 1982 1980 Prouineie,

237 2002 430 2056 Riparie‚
463 2004 600 2044 Janue
632 2003 673 2044 et
708 2002 818 2054 aliis,
847 2002 920 2055 qui
955 2015 1001 2042 se
1025 1999 1191 2041 notorie
1223 2000 1538 2041 subtraxerunt
1571 1999 1626 2041 ab
1659 2000 1755 2041 eius
1777 1999 1986 2042 obedien·
2000 2000 2055 2042 25

233 2073 299 2114 cia
332 2104 340 2113 .
376 2105 384 2113 .
420 2107 427 2115 .
462 2075 503 2114 et
536 2073 672 2114 eciam
713 2088 737 2114 a
776 2071 954 2125 prelatis
995 2070 1174 2112 alterius
1217 2070 1473 2112 obediencie
1514 2083 1594 2124 pro
1638 2073 1770 2123 tunc,
1811 2071 1884 2125 qui
1918 2070 1985 2113 sui

234 2142 393 2184 inimici
427 2143 583 2184 notorii
616 2156 788 2196 semper
820 2142 998 2183 suerunt
1032 2176 1039 2183 .
1076 2173 1084 2181 .
1120 2175 1127 2183 .

353 2226 459 2266 Item
493 2225 758 2278 allegabunt,
804 2225 922 2278 quod
961 2237 1047 2266 non
1087 2223 1229 2277 potuit
1272 2237 1351 2265 nec
1390 2223 1540 2265 debuit
1572 2223 1695 2266 citari
1734 2223 1779 2266 in
1812 2223 1986 2268 civitate

235 2295 407 2346 Pisana,
441 2308 491 2336 eo
523 2297 638 2348 quod
683 2297 798 2336 esset
831 2296 931 2337 odio
964 2294 1045 2336 sibi
1079 2295 1346 2347 provocata.
1381 2326 1390 2335 .
1425 2328 1432 2336 .
1475 2294 1528 2335 Et
1561 2295 1597 2336 si
1632 2294 1821 2347 dicatur,
1863 2296 1981 2350 quod

232 2364 466 2417 habebatss)
510 2366 676 2407 salvum
719 2366 981 2407 conductum
1023 2366 1065 2406 et
1107 2364 1363 2406 securitates
1407 2364 1622 2419 legitimas
1669 2378 1747 2407 seu
1796 2364 2058 2419 debitas,‘30

229 2435 522 2487 replicabunt,
560 2436 677 2488 quod
723 2450 810 2477 non
852 2436 1041 2477 debebat
1083 2449 1130 2477 se
1163 2435 1419 2477 submittere
1462 2435 1550 2477 suis
1588 2435 1778 2478 inimicis
1821 2436 1986 2491 capita-

228 2503 340 2545 libus
374 2536 381 2545 .
417 2537 425 2545 .
460 2539 468 2546 .
510 2506 563 2546 Et
595 2509 661 2548 est
693 2519 868 2559 verum,
902 2507 1019 2560 quod
1052 2519 1280 2561 nunquam
1314 2505 1467 2548 habuit
1499 2507 1669 2549 salvum
1702 2506 1985 2560 conductum,

229 2575 278 2614 ut
309 2588 410 2628 pars
443 2574 544 2617 dicti
578 2576 695 2617 Petri
727 2577 896 2630 allegat.

342 2656 450 2697 Item
492 2658 766 2712 allegabunt,
807 2659 926 2713 quod
964 2659 1046 2701 fuit
1087 2658 1272 2714 agitatus
1314 2672 1549 2713 processus
1586 2673 1612 2702 a
1650 2659 1886 2702 subtractis
1927 2659 1983 2703 ab

226 2724 318 2766 eius
349 2727 605 2770 obediencia
642 2730 684 2770 et
721 2728 783 2771 sic
821 2729 1080 2772 scismaticis
1114 2764 1122 2772 .
1156 2761 1165 2771 .
1202 2764 1210 2772 .
1245 2732 1287 2772 et
1318 2729 1477 2784 prelati
1516 2730 1699 2772 alterius
1730 2730 1872 2784 partis
1902 2743 1983 2785 pro
1999 2729 2054 2772 35

226 2796 329 2836 tunc
361 2799 603 2840 secundum
635 2812 759 2842 suam
789 2799 923 2860 fidem
955 2801 1094 2842 eciam
1126 2802 1251 2843 erant
1283 2800 1521 2843 scismatici
1554 2832 1564 2842 .
1599 2834 1608 2843 .
1643 2832 1653 2842 .

339 2981 369 3015 a)
390 2989 518 3017 quoque
539 2985 573 3010 B.
628 2985 659 3018 b)
680 2984 926 3013 iurisdicionem
947 2987 976 3013 α
1038 2986 1067 3020 e)
1082 2985 1130 3014 de·
1141 2985 1232 3013 Luna
1251 2986 1332 3020 fehlt
1353 2987 1382 3014 0.
1437 2987 1470 3022 d)
1491 2986 1748 3017 scandalizantis
1767 2987 1798 3015 0.
1852 2987 1882 3024 ο)
1901 2986 1983 3016 alle·

225 3026 325 3061 gabat
344 3029 380 3055 Β.
451 3029 476 3064 f)
497 3031 717 3066 exspoliatum
738 3033 767 3060 Ο.
838 3033 871 3069 g)
890 3032 1027 3061 habebit
1046 3034 1083 3060 Β.
