2216 3432
224 147 305 188 102
621 149 647 184 Ι.
675 145 866 180 Abschnitt.
915 137 1338 181 Unionsverhandlungen
1363 136 1417 170 bis
1445 136 1546 170 1413.

227 273 367 303 comes
397 253 682 305 Montisfeltri,
714 248 881 299 Urbini,
913 243 1100 298 Eugubii
1132 244 1213 284 etc.
1247 255 1294 283 se
1325 242 1370 283 et
1401 253 1479 282 sua
1510 240 1566 282 ad
1598 239 1748 280 nostra
1778 238 1821 279 et
1849 236 1963 279 sacri

225 328 393 383 imperii
425 325 599 367 servitia
621 324 662 364 et
683 320 882 363 mandata
904 314 1071 366 obtulit,
1102 312 1279 354 omuino
1301 311 1413 353 velle
1435 311 1672 353 reformare
1694 319 1964 363 proponens,

227 398 410 452 qualiter
440 395 506 436 sui
535 391 829 448 progenitores
861 388 914 429 ab
946 385 1128 438 antiquo
1159 395 1331 435 semper
1363 381 1541 422 fuerunt
1571 379 1723 421 fideles
1752 379 1795 419 ct
1818 377 1964 420 devoti

227 481 346 510 sacro
378 467 574 507 Romano
605 459 785 514 imperio
817 459 860 499 et
892 455 1036 498 domui
1070 454 1229 503 nostre,
1268 451 1523 493 desiderans
1555 449 1762 503 equidem
1794 449 1838 490 et
1868 447 1965 502 ipse

228 534 461 579 laudabilia
500 530 678 583 vestigia
719 540 893 569 suorum
925 524 1250 579 progenitorum
1282 520 1441 562 imitari
1483 521 1528 561 et
1559 521 1603 561 in
1636 518 2007 573 perseverantia5

231 608 272 647 et
308 602 548 647 constantia
589 597 823 641 devotionis
868 593 1116 636 huiusmodi
1158 593 1198 633 et
1238 590 1462 633 fidelitatis
1501 590 1622 643 cupit
1659 589 1869 631 continuo
1912 589 1967 631 ad

229 676 375 716 nostra
406 674 447 714 et
478 670 585 713 sacri
618 667 785 721 imperii
822 665 998 707 servitia
1034 676 1082 704 ac
1119 662 1323 703 mandata
1369 660 1552 702 reddere
1590 659 1717 714 [se]'¹)
1764 660 1968 713 prompto

228 744 532 798 promptiorem
552 742 592 781 et
610 739 689 780 sub
709 739 856 778 nostra
872 733 1138 788 protectione
1157 745 1206 773 ac
1224 732 1360 773 tutela
1378 730 1537 784 iugiter
1553 728 1777 783 gratulari.
1806 729 1968 770 Verum

231 813 409 865 contigit
441 810 684 864 nuperrime
716 819 794 848 nos
826 804 1086 858 percepisse,
1127 803 1243 855 quod
1274 800 1388 842 idem
1421 813 1568 842 comes
1601 814 1625 841 a
1656 798 1832 841 tramite
1864 812 1967 841 vere

229 881 470 923 obedientie
501 878 746 920 claudicans
778 873 997 917 sanctitati
1028 874 1183 918 vestre,
1222 875 1352 925 prout
1388 870 1629 921 debuisset,
1662 870 1969 924 obtemperare
1990 870 2043 911 10

232 965 338 993 ausu
370 950 596 992 temerario
629 961 715 988 non
747 946 931 986 curaret.
994 944 1082 984 Nos
1120 942 1268 994 itaque
1311 942 1509 983 innatam
1547 940 1790 983 sanctitatis
1822 942 1971 982 vestre

237 1019 504 1062 clementiam
549 1017 884 1065 consideranteS,
926 1027 1008 1066 que
1056 1012 1217 1054 nemini
1258 1013 1419 1053 claudit
1459 1012 1604 1053 sinum
1651 1010 1787 1065 gratie
1833 1011 1888 1052 ad
1926 1024 1973 1052 se

235 1090 488 1139 revertenti,
525 1089 621 1129 ideo
661 1086 704 1127 in
736 1098 851 1131 casu,
893 1097 979 1136 quo
1017 1083 1152 1123 oculis
1185 1083 1429 1124 sanctitatis
1468 1084 1612 1124 vestre
1651 1083 1762 1124 soret
1801 1082 1972 1135 gratum

236 1161 380 1213 partes
413 1161 580 1199 nostras
602 1155 931 1208 interponendo,
965 1153 1231 1206 diligentiam
1256 1153 1564 1193 adhiberemus
1588 1166 1754 1203 revera,
1787 1151 1975 1206 qualiter

235 1229 493 1270 memoratus
532 1240 674 1268 comes
717 1225 861 1266 reduci
901 1224 1055 1264 debeat
1094 1224 1146 1264 ad
1180 1236 1325 1264 veram
1358 1222 1655 1264 obedientiam
1690 1224 1735 1263 ct
1768 1221 2045 1264 mandatam

239 1297 476 1339 sanctitatis
508 1299 662 1338 vestre.
723 1287 1024 1336 Commisimus
1064 1294 1190 1334 etiam
1230 1292 1561 1333 honorabilibus
1594 1292 1781 1334 ‚Iohanni
1814 1305 1976 1346 prepo-

239 1367 318 1408 sito
379 1364 826 1418 Quinqueccclesiensi
869 1378 917 1405 ac
949 1364 1184 1404 secretario
1225 1377 1303 1403 nec
1336 1376 1421 1403 non
1455 1362 1696 1405 Octaviano
1739 1364 1792 1405 de
1825 1363 1976 1405 sancto

241 1436 445 1477 Seuerino
476 1435 774 1476 archidiacono
808 1434 1060 1474 Czemliensi
1094 1434 1137 1474 in
1170 1433 1352 1474 ecclesia
1375 1433 1703 1485 Argentinensi,
1736 1432 1977 1487 capellanis

240 1506 394 1546 nostris
425 1504 633 1556 fidelibus,
667 1503 842 1554 devotis,
876 1504 1020 1556 aliqua
1053 1516 1183 1555 super
1215 1504 1379 1544 eisdem
1411 1504 1556 1544 vestre
1590 1503 1814 1545 sanctitati
1839 1502 1976 1545 nostri

239 1577 359 1626 parte
405 1576 604 1615 oretenus
651 1574 890 1622 referende,
937 1573 1057 1614 illum
1105 1574 1361 1615 literatenus
1409 1576 1451 1614 et
1493 1573 1627 1614 istum
1674 1575 1881 1615 oretenus
1925 1573 2051 1616 deso

239 1646 381 1684 mente
403 1645 550 1684 nostra
570 1644 739 1696 plenius
757 1643 988 1696 superinde
1007 1644 1303 1685 informantes
1339 1642 1540 1697 Iisdem'')
1558 1643 1691 1696 igitur
1708 1643 1979 1686 coniunctim

239 1715 311 1754 aut
356 1713 524 1754 divisim
571 1714 735 1765 placeat
776 1713 994 1754 sanctitati
1038 1716 1179 1755 vestre
1227 1715 1306 1755 llac
1349 1714 1442 1754 vice
1490 1713 1700 1755 adhibere
1748 1714 1980 1755 credencie

239 1783 407 1835 plenam
429 1782 567 1824 fidem.
615 1785 847 1824 Personam
879 1785 1121 1825 sanctitatis
1155 1798 1302 1825 sanam
1336 1787 1377 1824 et
1401 1785 1664 1826 incolumem
1689 1785 1919 1826 conservet
1941 1785 1984 1826 et

241 1852 405 1892 muniat
437 1852 629 1904 regimini
662 1853 839 1894 ecclesie
861 1867 938 1894 sue
962 1857 1110 1895 sancte
1134 1854 1371 1895 altissinms
1395 1854 1438 1895 in
1463 1855 1662 1897 excelsis.
1717 1856 1877 1897 Datum
1901 1856 1982 1897 etc.

354 1922 631 1962 Sanctissimo
653 1923 697 1963 in
715 1923 886 1964 Christo
908 1924 1019 1977 patri
1045 1927 1081 1964 el
1106 1926 1293 1975 domino,
1318 1926 1494 1967 domino
1512 1926 1700 1968 ,iohanni
1721 1924 1866 1967 divina
1883 1937 1986 1979 pro·
1999 1925 2055 1967 25

242 1991 428 2031 videntia
459 1995 728 2033 sacrosancte
762 1994 956 2035 Romane
990 1995 1205 2050 ecclesie)
1237 2009 1286 2036 ac
1320 1997 1579 2038 universalis
1603 1996 1789 2038 ecclesie
1813 2009 1985 2038 summo

246 2060 449 2111 pontifici,
482 2061 653 2102 domino
686 2065 810 2105 nosto
843 2066 1219 2106 reverendissimo.

249 2231 321 2275 27.
361 2232 507 2288 (Ko‘m'y
540 2234 776 2289 Sw'yismmzd
806 2254 859 2279 an
890 2241 974 2280 eine
1004 2241 1252 2282 itale‘enisclce
1282 2241 1457 2296 Stadtfl)
1492 2242 1649 2294 fordert
1678 2244 1736 2283 8ἰο
1768 2242 1851 2297 auf
1876 2240 1989 2282 Pan-

249 2301 343 2356 dulf
368 2303 581 2345 Malatesta
619 2306 682 2346 bez·
711 2309 856 2349 seinem
886 2309 1061 2364 Anyrq’ff
1091 2318 1166 2360 aus
1206 2311 1371 2352 ‹loltmm
1406 2310 1583 2352 XXIII.
1621 2312 1736 2353 nicht
1771 2327 1822 2362 zu
1851 2319 1989 2354 unter-

907 2383 1070 2423 stiitzen.
1136 2381 1310 2437 (141222)
2003 2376 2060 2418 30

316 2464 346 2497 B
370 2477 429 2499 aus
459 2466 537 2501 Cod.
564 2468 740 2503 Palatinus
768 2470 918 2516 701sol.
944 2472 1013 2506 306
1037 2474 1099 2507 der
1132 2474 1241 2508 Ir'ate‘k.
1267 2475 1477 2510 Bibliotleek.

368 2559 564 2613 Illustris,
596 2564 773 2616 nobiles,
804 2567 1096 2619 honorabiles,
1128 2567 1295 2621 fideles,
1319 2570 1477 2613 dilecti.
1530 2571 1594 2612 Ex
1614 2571 1856 2613 multorum
1878 2569 1991 2612 rela-

257 2626 370 2668 tione
409 2629 644 2686 didicimus,
685 2636 800 2687 quod
831 2637 1114 2690 Pandolphus
1153 2640 1206 2681 de
1236 2640 1475 2683 Malatestis
1512 2653 1611 2683 cum
1642 2641 1735 2683 suis
1767 2638 1993 2694 complici-

254 2694 334 2736 bus
374 2700 415 2738 et
445 2698 679 2744 fautoribus
717 2706 909 2758 gentium
948 2708 1259 2762 armigerarum
1297 2712 1559 2764 congregata
1597 2712 1772 2754 caterva
1802 2709 1991 2753 sanctis-

258 2764 411 2808 simum
440 2767 483 2809 in
509 2769 676 2813 Christo
706 2776 873 2828 patrem
905 2778 947 2818 et
979 2778 1203 2821 dominum
1236 2782 1452 2834 nostrum,
1485 2780 1714 2823 dominum
1744 2781 1992 2824 «Iohannem
2004 2773 2060 2818 35

367 2916 395 2950 a)
415 2917 498 2945 Fehlt
517 2920 552 2946 B.
585 2921 618 2955 b)
637 2922 748 2951 eodem
766 2925 802 2951 B.
838 2926 867 2960 c)
886 2927 925 2954 So
944 2928 1084 2956 ecclesio
1104 2929 1236 2964 doppelt
1256 2931 1292 2958 B.

374 2975 401 3018 ¹)
430 2975 604 3013 Viellcieltt
625 2980 781 3017 Brescia.
835 2984 906 3032 Vyl.
932 2985 971 3021 S.
998 2987 1053 3024 19.
