2216 3432
197 134 285 177 374
523 141 585 177 111.
610 140 811 176 Abschnitt.
861 138 1136 184 Vorgeschichte
1161 137 1223 171 des
1247 137 1474 172 Konstanzer
1498 137 1659 173 Konzils.

201 251 305 306 quia
337 249 570 305 plenitudo
603 246 709 300 legis
742 247 810 288 est
842 244 1032 287 dilectio.
1096 242 1368 285 Excellentie
1390 241 1614 297 siquidem
1635 243 1782 285 vestre
1803 242 1976 286 litteras

200 321 367 363 dudum
400 321 454 362 de.
486 318 690 360 manibus
724 315 884 358 nobilis
918 313 1139 368 Hartungi
1171 313 1282 355 Clux
1314 313 1468 356 militis
1480 313 1514 368 ¹)
1547 315 1590 355 et
1623 312 1809 356 oratoris
1839 313 1976 356 vestri

199 391 424 444 nostrique
476 388 620 432 fidelis
675 386 820 430 dilecti
873 387 1018 440 gratas
1073 385 1315 426 referentes
1368 384 1423 426 de
1474 386 1619 426 vestra
1670 383 1976 428 incolumitate

203 475 398 504 rumores
450 473 550 502 cum
597 458 731 501 animi
778 457 1050 498 iocunditate
1109 456 1310 510 receptas
1352 456 1602 498 exultantes
1645 455 1691 498 in
1733 456 1808 498 illo
1850 457 1896 499 et
1936 455 1975 498 ei

205 533 368 587 gratias
422 532 677 579 reserentes,
731 528 806 583 qui
860 527 1035 582 regibus
1084 526 1158 569 dat
1207 526 1409 577 salutem,
1456 526 1648 568 eundem
1698 526 2019 580 nan-tungumf»

200 603 383 646 militem
427 603 480 644 de
518 601 671 643 intima
711 601 860 641 nostre
903 598 1064 640 inentis
1107 597 1361 652 aviditate⁸)
1402 610 1500 638 cum
1541 597 1739 640 articulis
1772 597 1979 641 distincte

203 674 468 729 specificatis
521 672 696 725 sibique
745 670 919 711 traditis
963 670 1005 710 et
1050 667 1362 710 nichilominus
1401 667 1511 709 viris
1557 667 1767 710 relatibus
1806 669 1862 711 ab
1903 682 1979 712 ore

202 746 351 787 nostro
407 743 681 785 sufficientur
731 742 994 783 instructum
1045 739 1248 781 duximus
1296 739 1351 781 ad
1415 740 1607 780 vestram
1661 739 1980 782 fraternitatem

203 815 527 858 remittendum.
593 813 886 855 Attendentes
920 811 1068 864 itaque
1108 810 1419 852 communibus
1460 810 1668 864 expedire
1709 810 1981 864 profectibus

202 888 243 928 et
276 886 524 940 aspirantes
558 884 611 925 ad
646 883 1000 938 prosecutionem
1036 883 1077 922 et
1109 881 1430 936 promotionem
1456 894 1622 927 eorum,
1654 894 1740 935 que
1763 881 1877 924 circa
1899 882 2053 924 hoclO

205 956 405 998 novimus
446 955 700 997 incumbere
741 956 894 995 autore
943 952 1122 994 domino
1164 952 1409 1006 profutura.
1442 952 1775 995 considerantes
1797 953 1853 995 ab
1876 954 1982 996 olim

203 1027 369 1069 fructus
403 1026 660 1075 laudabiles,
704 1039 816 1079 quos
849 1024 987 1066 virtus
1022 1024 1146 1065 unita
1178 1024 1221 1064 et
1255 1025 1407 1064 mutua
1439 1024 1644 1065 votorum
1684 1023 1982 1078 conformitas,

204 1112 289 1152 que
314 1098 525 1139 validiora
548 1097 592 1138 in
616 1111 662 1137 se
687 1096 882 1149 recipere
907 1094 1176 1137 fortitudinis
1201 1091 1496 1145 molimentab)
1521 1094 1763 1147 consuevit,
1786 1095 1830 1136 in
1853 1095 1982 1138 nobis

205 1171 249 1210 et
283 1169 405 1210 vobis
439 1168 682 1222 producere
715 1167 871 1220 possit,
906 1167 967 1207 sic
1001 1166 1074 1207 illa
1108 1164 1349 1219 precordiis
1384 1164 1546 1208 nostris
1578 1165 1897 1219 impressimus,
1921 1166 1982 1209 sic

206 1240 279 1281 illa
318 1240 361 1281 in
404 1239 595 1280 thalamo
636 1238 825 1291 pectoris
867 1237 1006 1279 nostri
1047 1237 1305 1291 consignata
1338 1249 1515 1290 semper
1548 1236 1798 1289 habuimus,
1836 1250 1983 1291 ymmo
2002 1238 2052 1279 15

205 1310 346 1352 auctis
385 1310 593 1351 continuo
636 1308 828 1349 caritatis
871 1308 1102 1349 affectibus
1135 1307 1179 1349 in
1214 1306 1325 1349 votis
1358 1307 1550 1359 gerimus
1583 1309 1625 1349 et
1658 1307 1803 1350 adhuc
1835 1308 1983 1352 votive

207 1381 507 1423 desideramus
548 1380 765 1421 deducere
805 1379 859 1420 ad
899 1380 1117 1420 effectum.
1185 1379 1324 1420 Porro
1357 1377 1637 1432 disponimus
1669 1392 1769 1420 cum
1804 1365 1986 1421 domino*

208 1465 307 1504 rege
337 1452 616 1499 Francorum,
659 1450 791 1491 fratre
833 1452 983 1491 nostro
1017 1449 1243 1492 carissimo
1277 1450 1319 1491 et
1355 1448 1509 1491 ceteris
1543 1448 1764 1503 regalibus
1798 1449 1983 1493 Francie

207 1522 495 1576 principibus,
530 1521 792 1574 inquantum
828 1520 1013 1562 facultas
1037 1520 1250 1573 indulget,
1284 1519 1329 1562 in
1352 1520 1600 1574 proximum
1625 1520 1917 1573 personaliter
1940 1520 1984 1562 in

207 1606 343 1633 unum
378 1592 675 1646 (3011vv11i1'e2'),
711 1592 783 1633 ubi
819 1593 951 1633 etiam
986 1592 1040 1633 de
1071 1591 1300 1645 parentela
1322 1590 1438 1632 inter
1463 1604 1539 1632 vos
1562 1594 1605 1633 et
1628 1590 1765 1633 filiam
1787 1591 1985 1634 eiusdem
1999 1592 2057 1635 20

208 1663 320 1716 regis
345 1664 667 1717 Francoremss),
693 1663 933 1704 dunnnodo
958 1663 1163 1705 voluntas
1194 1664 1340 1704 vestra
1364 1661 1419 1703 ad
1443 1662 1524 1703 hoc
1548 1661 1675 1704 nobis
1698 1664 1851 1716 aperta
1873 1662 1986 1705 affu-

206 1734 302 1775 erit.
336 1747 467 1787 quam
503 1734 654 1787 utique
689 1747 768 1787 pro
803 1734 1141 1775 honorificentia
1175 1734 1334 1775 domus
1368 1735 1512 1775 vestre
1541 1734 1585 1774 et
1614 1734 1732 1775 statu
1766 1732 1986 1777 felicitatis

205 1804 385 1858 antique
420 1805 613 1846 fraterno
646 1805 852 1858 amplecti
887 1805 1072 1847 consilio
1103 1804 1440 1859 persuademus,
1474 1806 1729 1859 optaremus
1753 1803 1987 1857 diligenter

205 1875 391 1929 operari.
425 1878 557 1929 prout
590 1876 717 1929 longe
750 1890 828 1930 per
863 1876 985 1929 prius
1008 1879 1050 1918 et
1075 1889 1155 1930 per
1179 1875 1364 1918 nuncios
1388 1889 1438 1917 ae
1461 1888 1540 1930 per
1563 1875 1730 1918 litteras
1752 1888 1803 1918 ex
1828 1889 1986 1930 magne

207 1946 457 1988 dilectionis
502 1946 683 1996 fervore,
727 1961 815 2000 quo
862 1948 1084 2001 quondam
1129 1946 1413 1989 serenissimo
1445 1945 1635 2001 genitori
1667 1948 1813 1989 vestro
1847 1945 2058 1989 felicis25

206 2018 526 2059 recordationis
559 2019 783 2071 tamquam
820 2018 940 2060 fratri
976 2020 1126 2061 nostro
1159 2017 1368 2072 precipue
1400 2016 1749 2071 singularissimo
1781 2019 1825 2060 et
1854 2017 1987 2060 etiam

204 2088 376 2142 vobis⁴)
408 2088 676 2130 dinoscinnn·
709 2089 908 2144 obligari,
951 2090 1235 2131 meminimus
1257 2087 1583 2144 pronuntiasse,
1617 2087 1661 2130 in
1690 2101 1778 2142 quo
1807 2101 1833 2131 a
1860 2090 1986 2131 tanto

209 2160 407 2212 tempore
441 2159 548 2200 eitra
582 2160 725 2213 potuit
758 2163 902 2202 vestra
936 2160 1052 2215 regia
1078 2160 1333 2203 fraternitas
1359 2159 1583 2214 accepisse
1606 2159 1986 2203 deliberationem.

207 2229 326 2271 Licet
372 2232 518 2272 autem
560 2231 613 2272 de
654 2232 856 2285 partibus
895 2231 1160 2274 Lombardie
1202 2232 1258 2274 ad
1291 2232 1369 2273 has
1401 2232 1550 2286 partes
1583 2229 1813 2285 Alamanie
1843 2229 1987 2273 tenaci

209 2300 342 2341 animi
397 2300 638 2343 stabilitate
693 2315 868 2345 rursum
920 2303 1097 2345 easdem
1142 2302 1408 2345 Lombardie
1460 2303 1611 2357 partes
1662 2299 1891 2355 magnifice
1943 2302 1989 2344 et
2004 2303 2060 2345 30

207 2373 410 2424 potenter
435 2384 533 2413 cum
560 2373 778 2415 excercitu
804 2373 1038 2428 repetendi
1062 2372 1488 2429 declinaverimuS,⁵)
1505 2371 1817 2415 nichilominus
1839 2374 1987 2415 tamen

212 2443 394 2496 propter
427 2443 638 2496 temporis
671 2444 934 2487 brevitatem
969 2444 1251 2488 adventantis
1283 2443 1471 2497 concilii,
1503 2443 1549 2486 in
1571 2456 1660 2498 quo
1682 2442 1989 2498 personaliter,

324 2618 355 2650 a)
376 2618 501 2652 Leounq
519 2618 593 2646 sehr
614 2619 771 2646 amicher.
810 2620 838 2647 Β
856 2619 913 2647 hat
933 2619 1092 2648 anditate.
1133 2620 1166 2654 b)
1186 2620 1266 2648 Eine
1291 2620 1414 2647 andero
1434 2619 1534 2647 Hand
1558 2619 1617 2647 hat
1641 2618 1744 2648 amu
1768 2618 1858 2647 Wort
1875 2618 1990 2647 Mneu-

209 2664 329 2699 yereqt.
367 2665 418 2692 1m
444 2666 515 2692 Tea-t
535 2665 716 2694 molimola.

330 2726 351 2768 ¹)
381 2724 469 2758 liter
500 2726 549 2759 ist
578 2738 653 2760 eane
678 2726 794 2761 Liicke
827 2728 863 2761 in
895 2727 926 2761 Β
956 2727 1177 2773 anyedeutee.
1227 2726 1290 2761 Ielz
1320 2726 1449 2773 ylaube
1482 2726 1596 2770 kaurn,
1629 2725 1713 2761 daea
1749 2730 1858 2761 etwas
1879 2724 1990 2772 fehlt,
2003 2726 2062 2770 35

207 2783 271 2817 wie
296 2795 328 2817 z·
356 2783 398 2819 B.
423 2783 488 2818 cler
517 2783 670 2819 Hinweis
697 2786 764 2831 aus
785 2786 883 2821 einen
910 2786 1045 2821 andern
1077 2786 1292 2821 Gesandten.
1347 2785 1421 2832 Vql.
1446 2784 1605 2821 dart'iber
1631 2783 1672 2820 S.
1696 2783 1781 2820 371.

329 2842 356 2875 ἲ)
382 2842 453 2877 Die
479 2843 794 2890 Zuoammenkunst
818 2845 936 2880 warde
952 2846 1022 2892 fiir
1054 2844 1192 2880 Veram:
1215 2845 1373 2892 yeplant.

328 2902 357 2945 ⁸)
387 2900 460 2947 Vyl.
485 2902 522 2936 in
546 2902 622 2937 dem
648 2903 986 2949 Biindninentwurf
1007 2903 1047 2939 S.
1072 2903 1155 2939 377.

328 2960 357 3003 ⁴)
395 2959 459 2994 l'on
483 2960 605 2996 diesen
632 2961 830 2997 Schreu‘ben
854 2963 904 2997 iet
927 2962 980 2998 bie
996 2962 1094 3009 jem
1117 2963 1231 2999 m'ehtu
1258 2962 1413 2998 bekannt
1432 2962 1633 3011 yoworden.

327 3018 357 3063 ὅ)
387 3017 503 3056 Ueber
527 3019 649 3059 diesen
675 3019 766 3056 Plan
792 3020 1014 3073 sigismunde
1038 3022 1109 3073 ⁰91.
1140 3021 1460 3074 Retchueaquten
1489 3020 1561 3061 VII
1579 3020 1621 3063 S.
1646 3019 1728 3066 174,
