2216 3432
237 159 322 200 280
551 166 612 202 111.
638 165 837 200 Abschnitt.
886 163 1161 209 Ver-geschichte
1187 163 1247 196 des
1274 163 1498 196 Konstanzer
1522 161 1685 198 Konzils.

236 274 345 328 ipsis
391 274 434 315 et
474 270 810 314 renunciacione
847 270 961 312 facta
991 269 1230 324 procedere
1263 268 1319 309 ad
1351 267 1611 310 electionem
1652 266 1783 308 unius
1819 266 1912 309 veri
1954 269 2000 310 et

236 342 469 386 indubitati
511 355 639 397 pape.
704 342 814 383 Item
851 341 1076 382 viceversa
1119 340 1276 380 Petrus
1324 338 1379 379 de
1420 338 1546 380 Luna
1593 351 1672 392 per
1714 337 1859 379 bullas
1896 350 1999 380 suas

238 412 463 468 respondit
508 413 572 454 illi
611 414 716 454 tunc
759 410 966 464 Gregorio
1009 411 1053 451 et
1095 408 1191 462 ipse
1233 409 1372 462 erata)
1414 411 1598 462 paratus
1647 407 1909 451 renunciare
1957 410 2001 451 et

238 484 483 526 cardinales
531 483 598 524 sui
642 483 795 524 eodem
845 481 975 522 modo
1021 479 1295 534 scripserunt
1340 478 1636 520 cardinalibus
1678 479 1807 520 istius
1846 479 2000 533 partis,

239 555 358 608 quod
395 553 480 608 ipsi
520 550 691 605 e1·ant¹')
725 552 868 606 parati
902 550 1137 593 convenire
1170 563 1266 591 cum
1301 549 1410 603 ipsis
1442 551 1487 591 et
1520 549 1759 603 procedere
1791 547 2042 593 canonice5

241 626 299 667 ad
331 624 590 667 electionem
625 635 740 677 pape
774 625 818 664 et
850 622 933 664 fuit
967 654 976 662 .
1011 654 1019 662 .
1056 654 1064 662 .
1099 621 1362 662 concordata
1394 619 1631 661 convencio
1667 620 1862 674 ipsorum
1897 634 2000 663 con-

239 695 520 737 tendencium
564 696 606 735 et
653 693 939 735 cardinalium
980 705 1161 734 suorum
1203 691 1248 733 in
1291 692 1385 733 loco
1429 692 1572 732 Saone
1616 693 1659 732 et
1703 692 2002 744 promiserunt

240 765 527 818 solempniter
559 765 722 805 ibidem
754 763 884 805 tertia
917 763 987 804 die
1020 763 1296 817 convenire‘)
1330 762 1516 815 quilibet
1562 774 1661 803 cum
1703 761 2001 806 cardinalibus

239 836 342 877 suis.
413 836 466 876 Et
506 834 608 876 licet
653 834 737 876 iste
785 834 960 887 publice
1000 831 1225 888 dice1·et‘¹),
1270 834 1402 886 quod,
1442 833 1477 873 si
1518 845 1606 873 non
1646 834 1798 885 posset
1838 833 2001 876 habere

238 906 382 959 galeas
435 906 503 946 vel
549 904 813 956 societatem,
868 905 961 958 ipse
1014 905 1134 945 solus
1186 903 1409 945 incederet
1463 916 1562 945 cum
1614 903 1786 955 baculo,
1839 905 2001 956 tamen,
2022 901 2075 942 10

239 975 439 1029 quamvis
472 989 624 1017 secure
656 976 885 1030 potuisset,
920 976 1154 1017 convenire
1190 974 1342 1016 noluit.
1405 975 1457 1015 Et
1491 975 1538 1015 ut
1569 974 1799 1016 veritatem
1834 975 2001 1029 loquar,

239 1060 376 1100 nepos
425 1060 531 1087 suus
573 1046 814 1093 Antonius,
864 1046 940 1099 qni
981 1048 1086 1087 tunc
1130 1048 1225 1087 erat
1266 1045 1502 1099 episcopus
1545 1047 1586 1086 et
1628 1058 1744 1087 nunc
1783 1046 2000 1100 capellum

239 1118 423 1159 rubeum
465 1119 623 1170 portat,
673 1117 859 1158 multum
908 1117 1148 1159 affectuose
1198 1131 1266 1158 me
1315 1118 1419 1158 tunc
1467 1115 1765 1169 patriarcham
1812 1116 2003 1159 Alexan-

240 1188 413 1229 drinum
456 1190 500 1229 et
539 1187 747 1228 nuncium
789 1188 900 1241 regis
939 1188 1208 1229 Francorum
1241 1189 1283 1228 et
1317 1187 1502 1229 ecclesie
1535 1187 1760 1228 Gallicane
1794 1190 1837 1229 et
1869 1188 2003 1230 colle-

239 1271 313 1310 gas
352 1271 470 1300 meos
514 1258 754 1311 requisivit,
788 1259 918 1310 quod,
954 1261 999 1299 ut
1028 1271 1180 1299 secure
1204 1260 1355 1311 posset
1378 1258 1527 1299 venire
1551 1258 1756 1309 Saonam,
1789 1258 2002 1300 vellemus
2023 1255 2075 1296 15

240 1328 323 1369 sibi
357 1342 512 1382 parare
545 1341 783 1381 exspensas
817 1329 925 1370 duas
958 1329 1024 1370 vel
1060 1330 1149 1370 tres
1182 1329 1327 1379 galeas
1361 1331 1402 1370 et
1435 1330 1530 1381 ipse
1554 1328 1850 1382 promittebat,
1884 1330 2000 1383 quod

240 1400 334 1452 ipse
347 1402 376 1451 p)
401 1399 635 1452 Gregorius
664 1413 769 1440 suus
794 1399 976 1441 intraret
1000 1400 1143 1452 galeas
1168 1402 1341 1441 nostras
1365 1402 1409 1441 et
1432 1398 1599 1440 veniret
1625 1399 1708 1440 sub
1731 1399 2003 1441 confidencia

241 1469 353 1522 regis
408 1469 588 1510 Francic
645 1471 828 1511 Januam
874 1471 941 1511 vel
990 1472 1194 1511 Saonam.
1277 1470 1330 1511 Et
1378 1483 1457 1512 nos
1504 1469 1779 1523 providimus
1828 1470 1911 1512 sibi
1951 1471 2005 1512 de

239 1539 378 1580 tribus
420 1539 544 1580 bonis
587 1540 720 1592 galeis
762 1541 873 1581 bene
914 1541 1114 1591 armatis,
1155 1555 1264 1594 quas
1298 1541 1502 1583 duximus
1536 1541 1737 1590 Romam,
1771 1541 2003 1584 credentes

240 1610 385 1650 verbis
409 1611 499 1651 suis
523 1613 565 1651 et
588 1611 789 1652 duximus
814 1611 1040 1653 nobiscum
1065 1613 1236 1665 aliquos
1261 1612 1379 1654 cives
1402 1612 1647 1654 Januenses
1672 1612 1725 1653 de
1749 1611 2004 1663 maioribus,
2021 1608 2077 1650 20

242 1681 316 1732 qui
357 1680 438 1721 sibi
481 1680 726 1722 offerebant
773 1680 1078 1737 securitates‘)
1122 1686 1167 1725 et
1208 1696 1286 1724 nos
1327 1682 1504 1724 nomine
1544 1682 1655 1735 regis
1688 1682 1886 1735 Francie,
1920 1696 2006 1736 que

242 1750 497 1791 debuissent
554 1751 755 1793 sufficere
804 1753 985 1794 soldano
1025 1753 1276 1803 Babilonie,
1322 1753 1512 1807 principi
1552 1752 1730 1803 infideli,
1774 1755 1817 1795 et
1859 1755 2007 1795 tamen

241 1821 381 1862 noluit
414 1821 669 1874 intelligere,
695 1826 742 1864 ut
766 1824 879 1864 bene
910 1827 1070 1876 ageret,
1103 1826 1305 1877 quamvis
1329 1824 1574 1866 cardinales
1598 1823 1665 1865 sui
1689 1826 1837 1866 essent
1860 1824 2005 1878 parati

242 1891 285 1931 in
318 1891 452 1944 galeis
485 1893 645 1934 nostris
677 1894 745 1935 vel
779 1907 857 1947 per
889 1897 1047 1936 terram
1083 1895 1232 1936 venire
1267 1896 1472 1947 Saonam,
1506 1895 1619 1937 sicut
1652 1894 1794 1936 fuerat
1824 1907 2007 1937 concor-

242 1962 404 2003 datum.
483 1963 591 2004 Item
644 1963 727 2005 suit
776 1965 1080 2019 sollempniter
1137 1966 1377 2019 requisitus
1429 1979 1508 2020 per
1552 1966 1734 2007 Petrum
1786 1966 1839 2007 de
1884 1962 2076 2008 Luna25

241 2032 416 2084 pluries,
450 2034 566 2086 quod
609 2034 702 2087 ipse
745 2036 877 2077 vellet
916 2037 1067 2077 venire
1106 2037 1179 2088 ibi,
1213 2038 1317 2091 quia
1362 2037 1590 2091 predictus
1625 2037 1833 2091 Petrusss)
1871 2034 2008 2092 erat¹¹)

242 2105 422 2155 paratus
454 2105 727 2155 renunciare,
762 2107 837 2148 sed
861 2120 1037 2160 semper
1069 2108 1315 2150 obturravit
1339 2122 1468 2150 aures
1501 2121 1604 2149 suas
1637 2107 1692 2149 ad
1725 2108 1904 2149 modum
1938 2120 2008 2150 as-

241 2174 356 2226 pidis
399 2175 543 2216 surde.
608 2176 716 2217 Item
763 2177 831 2218 sui
866 2178 1112 2219 cardinales
1146 2192 1252 2233 sepe
1293 2178 1623 2233 requisiverunt.
1661 2191 1759 2220 eum
1801 2177 2007 2220 dicendo:

242 2244 305 2284 De
358 2246 654 2287 convencione
723 2250 868 2289 vestra
932 2251 1154 2303 personali
1219 2263 1307 2292 non
1360 2250 1410 2291 fit
1465 2249 1633 2291 mencio
1690 2249 1736 2290 in
1800 2250 1904 2291 voto
1965 2251 2008 2291 et

243 2313 489 2356 iuramento
545 2317 700 2358 vestris
757 2319 833 2359 sed
887 2320 940 2361 de
990 2321 1172 2372 nostris;
1234 2335 1314 2363 nos
1368 2334 1522 2363 sumus
1575 2320 1718 2374 parati
1772 2316 2080 2362 convenire30

243 2397 342 2426 cum
401 2385 694 2429 cardinalibus
750 2390 860 2430 aliis.
943 2392 1132 2434 Faciatis
1190 2406 1269 2435 nos
1319 2393 1373 2435 de
1429 2404 1647 2434 consensu
1692 2393 1840 2434 vestro
1886 2390 2007 2446 ipsos

244 2454 485 2498 cardinales
534 2459 578 2498 et
629 2472 765 2500 unum
819 2465 1147 2514 procuratorem
1203 2463 1272 2505 vel
1325 2464 1476 2517 plures
1527 2462 1583 2505 ad
1635 2460 2007 2513 renunciandum,

246 2525 378 2566 Petro
428 2526 480 2568 de
529 2527 654 2570 Luna
701 2531 1009 2585 renunciante,
1067 2535 1110 2575 et
1158 2536 1263 2576 tunc
1311 2533 1463 2576 statim
1512 2532 1715 2575 dabimus
1762 2545 1915 2587 pacem
1962 2531 2008 2574 in

244 2595 440 2648 ecclesia,
479 2597 596 2651 quia,
635 2599 671 2640 si
716 2601 875 2643 Petrus
922 2603 974 2645 de
1021 2604 1159 2655 Luna,
1200 2606 1439 2659 postquam
1475 2616 1554 2646 vos
1594 2606 1640 2646 et
1680 2616 1761 2646 nos
1808 2600 2008 2660 sumus¹)

246 2665 308 2707 sic
338 2667 495 2719 parati,
529 2681 618 2710 non
641 2671 887 2725 renunciet,
919 2687 999 2715 nos
1031 2673 1283 2730 videmusk)
1316 2674 1654 2730 dispositionem
1675 2675 1857 2726 certam,
1890 2674 2009 2728 quod
2023 2670 2077 2712 35

242 2749 320 2777 vos
343 2739 624 2781 remanebitis
647 2741 802 2783 unicus
827 2745 869 2784 et
890 2744 1167 2787 indubItatus
1189 2759 1319 2801 papa.
1378 2746 1467 2788 Sed
1490 2758 1566 2788 cor
1587 2758 1718 2787 suum
1740 2745 1855 2787 sicut
1886 2742 2008 2800 cor¹)

244 2806 487 2849 Pharaonis
525 2809 608 2851 fuit
639 2811 841 2866 taliterm)
880 2814 1149 2869 induratum,
1188 2817 1308 2871 quod
1347 2817 1470 2859 nullo
1501 2816 1632 2859 modo
1669 2814 1811 2858 voluit
1848 2814 2007 2869 facere,

359 2946 388 2979 a)
409 2948 498 2974 esset
522 2949 558 2975 Β.
626 2949 657 2984 b)
678 2952 789 2979 essent
813 2953 851 2980 B.
917 2955 946 2988 c)
967 2954 1055 2983 cirea
1074 2955 1160 2983 diem
1181 2955 1417 2984 eonvencionis
1436 2957 1476 2984 D.
1545 2956 1578 2991 d)
1599 2955 1687 2984 mu
1713 2955 1744 2984 Ο.
1804 2956 1835 2991 e)
1854 2953 1942 2984 mu
1967 2955 2007 2983 D·

241 2991 500 3077 ἓῗῖοὲιὲτιπεῗ
518 2996 557 3022 D.
598 2998 629 3031 g)
650 2997 735 3026 Femt
757 2999 785 3027 cv.
826 2999 859 3037 h)
880 3003 969 3031 esset
988 3003 1025 3030 B.
1068 3003 1090 3036 i)
1111 3003 1234 3032 erimus
1252 3003 1364 3041 parati
1382 3003 1432 3035 sie
1452 3003 1482 3032 0.
1523 3003 1559 3040 k)
1579 3003 1722 3032 vidimus
1741 3002 1779 3030 Β.
1815 3001 1842 3038 1)
1861 3001 1948 3031 mu
1967 3002 2079 3086 1140

320 3047 338 3068 0
390 3048 401 3068 1
419 3048 455 3071 er
496 3061 504 3071 .
