2216 3432
0 0 143 220 [ις’
381 133 418 172 G·
455 133 634 170 Benedikt
650 135 764 179 XIII„
791 137 947 183 Spanien
972 141 1045 175 und
1071 142 1135 177 das
1160 144 1381 181 Konstanzer
1405 148 1542 186 Konzil.
1581 151 1639 185 Nr.
1658 152 1713 195 81,
1731 154 1786 191 82,
1882 146 1965 189 319

0 222 18 292 ξ,
207 290 214 296 .
277 240 354 276 Aua
386 240 521 288 Reybd.
553 240 649 276 2404
677 242 742 284 fol.
771 242 840 278 126
871 245 935 279 der
965 249 1261 293 arayonesischen
1294 251 1424 298 Kc‘im'ye
1455 254 1497 287 im
1528 255 1655 290 Archiv
1687 258 1749 293 der
1776 260 1891 296 Krone
1921 275 1965 297 zu

350 300 565 338 Bareelona.

325 385 612 428 Sanctissime
645 399 696 428 ac
728 386 980 431 beatissime
1003 393 1140 444 pa’ur.
1204 393 1352 435 Noto
1342 409 1427 437 iam
1449 400 1590 439 vestre
1612 402 1825 444 sinctitati
1854 406 1963 458 ruris

205 456 389 499 Francie
427 456 674 511 legatorum
714 458 907 501 adventu
946 461 1170 504 beatitudo
1209 464 1305 518 ipsa
1336 468 1504 509 noverit
1536 471 1712 512 eosdem
1743 473 1785 513 in
1818 478 1963 517 nostra

163 528 436 583 5presencia
468 542 519 570 ac
550 530 703 570 nostro
738 531 923 572 solemni
957 534 1151 574 consilio
1153 535 1181 587 )
1212 538 1495 590 proposuisse
1528 540 1684 593 aliqua,
1717 543 1770 584 de
1793 545 1962 599 quibus,

204 602 338 655 prout
359 614 440 654 per
461 600 584 654 ipsos
606 601 736 642 nobis
759 602 1047 656 imposterum
1070 605 1170 647 licet
1191 620 1279 648 non
1303 608 1363 649 sic
1386 610 1572 661 abunde,
1606 614 1651 651 ut
1674 619 1962 669 narraverant,

203 672 249 713 in
293 672 467 726 scriptis
517 672 696 715 fuerunt
748 674 916 727 traditi,
961 677 1220 718 venerabilis
1258 679 1303 720 in
1340 680 1512 721 Christo
1553 684 1694 735 pater,
1736 686 1963 727 consiliarii

203 743 344 785 nostri
368 744 528 798 dilecti,
563 745 799 799 episcopus
823 746 1192 789 Barchinonensis
1215 751 1258 790 et
1279 751 1533 792 Franciscus
1558 753 1756 794 Daranda
1779 758 1962 798 vestram

203 815 508 857 informabunt
541 816 632 857 suis
665 816 820 859 litteris
854 819 1143 861 sanctitatem.
1207 822 1349 875 Super
1390 836 1575 875 quorum
1609 826 1962 877 responsionibus

135 887 258 928 iOex
296 901 370 940 eo,
410 887 515 941 quia
558 888 694 930 verbo
742 890 917 943 publice
962 890 1061 932 licet
1099 905 1188 932 non
1232 892 1401 945 scriptis
1440 894 1648 934 nonnulla
1688 895 1782 936 sacti
1823 898 1962 939 minus

201 971 306 1000 vera
337 959 587 1013 vulgarunt,
622 973 735 1002 onus
769 961 957 1014 speciale
991 963 1286 1004 commisimus
1319 963 1432 1003 dicto
1462 964 1666 1018 episcopo
1698 968 1739 1007 et
1767 968 1961 1021 religioso

202 1031 247 1072 et
286 1030 446 1072 dilecto
486 1033 639 1073 nostro
679 1032 871 1085 generali
912 1033 1076 1073 ordinis
1112 1034 1457 1087 Predicatorum,
1498 1035 1570 1088 qni
1608 1036 1769 1078 eisdem
1808 1039 1861 1079 ad
1894 1039 1963 1079 illa

201 1101 351 1155 palam
393 1104 437 1144 et
468 1103 666 1157 publice,
707 1105 757 1145 ut
795 1104 911 1145 dicta
948 1117 1028 1157 per
1061 1118 1137 1145 eos
1170 1105 1389 1163 exhigunt,
1422 1106 1762 1159 respondebunt.
1825 1109 1965 1163 Super

200 1173 323 1215 finali
362 1176 513 1216 autem
551 1188 707 1217 eorum
738 1175 975 1229 legacionis
1008 1176 1295 1229 responsione
1341 1177 1536 1217 ordinem
1579 1178 1709 1218 talem
1753 1179 1962 1233 dedimus,

134 1244 187 1285 15
202 1246 324 1299 quod
347 1246 436 1288 duo
460 1260 513 1288 ex
536 1246 598 1288 eis
621 1260 775 1289 versus
798 1249 947 1301 partes
966 1247 1168 1300 Castelle,
1193 1260 1279 1300 qua
1301 1247 1400 1288 ituri
1419 1250 1532 1300 sunt,
1552 1262 1597 1289 se
1616 1248 1848 1301 conferant,
1869 1251 1962 1291 reli-

202 1317 301 1371 quis
324 1318 656 1360 remanentibus
679 1318 750 1360 hic
773 1319 962 1371 duobus,
987 1319 1096 1360 adeo
1121 1319 1239 1372 quod
1261 1318 1432 1360 interim
1456 1320 1725 1361 comunicato
1749 1321 1962 1374 colloquio

202 1402 302 1431 cum
325 1390 481 1432 eadem
507 1392 655 1432 vestra
678 1390 909 1432 sanctitate
933 1392 976 1432 et
998 1390 1236 1432 deliberato
1260 1391 1469 1431 maturius
1492 1393 1723 1445 possimus,
1756 1396 1799 1434 ut
1824 1396 1865 1435 et
1888 1394 1962 1435 Dei

202 1461 385 1503 servicio
418 1462 613 1516 pertinet
644 1463 688 1504 et
719 1462 830 1503 tanti
862 1462 1031 1516 negocii
1064 1462 1261 1515 qualitati
1293 1462 1502 1503 incumbit
1524 1476 1573 1504 ac
1595 1462 1788 1518 nostrob)
1810 1465 1962 1505 honori

202 1534 395 1587 expedit,
433 1535 704 1588 respondere
737 1535 781 1576 et
818 1533 1152 1588 responsionem
1184 1533 1301 1573 illam
1333 1533 1376 1573 in
1409 1533 1641 1575 Castellam
1671 1535 1960 1576 transmittere

130 1603 187 1644 20
199 1603 308 1658 ipsis
340 1605 402 1647 illi
425 1606 701 1648 consimilem
722 1606 1015 1647 tribuendam.
1080 1605 1298 1645 Tenemus
1322 1606 1524 1655 ceterum,
1558 1606 1802 1646 beatissimo
1824 1608 1959 1658 pater,

200 1677 322 1730 quod
355 1677 411 1718 ad
443 1677 634 1732 iniquos,
668 1691 844 1732 pravos,
877 1678 920 1719 et
946 1690 1193 1718 venenosos
1216 1676 1463 1727 multorum,
1497 1676 1569 1728 qui
1591 1676 1740 1716 talium
1762 1676 1895 1728 ignari
1919 1679 1960 1718 et

198 1747 366 1804 inscii0)
405 1748 583 1791 sinistra
620 1750 750 1803 plura
788 1750 832 1791 et
864 1745 1088 1801 erronead)
1132 1747 1407 1800 suspicantur
1445 1748 1486 1788 et
1524 1746 1793 1788 sermonibus
1831 1747 1958 1787 variis

200 1819 427 1862 deducunt
458 1821 504 1862 in
529 1821 771 1874 publicum,
805 1820 1019 1874 cogitatus
1044 1819 1262 1860 cavendos
1286 1818 1470 1871 expedit,
1504 1831 1591 1858 non
1613 1819 1757 1859 tamen
1780 1818 1957 1858 servatis

200 1891 284 1933 sibi
324 1892 370 1933 in
408 1892 668 1946 recepcione
708 1891 1009 1946 ceremoniise)
1050 1889 1179 1943 legati
1218 1889 1461 1943 apostolici,
1501 1889 1666 1938 salvum
1699 1888 1957 1929 conductum

128 1960 183 2002 25
200 1963 509 2005 ambassiatori
553 1964 735 2005 intrussi
779 1962 992 2004 Johannis
1045 1961 1242 2013 concedi,
1298 1974 1352 2002 ne
1400 1960 1622 2001 videamur
1669 1959 1790 1999 istius
1839 1972 1957 1999 sacre

198 2035 382 2078 materie
420 2049 631 2090 respuere
667 2036 881 2077 tractatus
920 2036 963 2076 et
1000 2034 1114 2074 illius
1155 2033 1352 2073 salubres
1392 2044 1479 2072 non
1518 2030 1775 2082 amplectere
1808 2042 1956 2069 omnes

198 2105 312 2160 vias,
352 2120 457 2149 nam
494 2108 540 2149 in
579 2104 831 2161 denegataf')
876 2119 956 2160 per
992 2105 1114 2159 ipsos
1154 2104 1265 2146 Pisis
1303 2101 1685 2144 ambassiatoribus
1724 2100 1876 2142 vestris
1915 2101 1957 2140 et

199 2177 294 2219 aliis
346 2179 486 2221 eciam
539 2179 764 2220 nonnullis
810 2179 878 2219 sat
920 2178 1097 2231 vulgata
1144 2176 1211 2217 est
1247 2173 1423 2215 infamia
1455 2174 1497 2214 et
1540 2173 1748 2224 concepta
1785 2170 1957 2210 sinistra

199 2249 382 2303 oppinio
415 2250 470 2293 de
503 2250 684 2293 eisdem.
741 2250 846 2292 Ideo
880 2247 1099 2291 sanctitati
1131 2245 1323 2301 predicte
1357 2277 1365 2285 .
1401 2276 1409 2285 .
1445 2276 1453 2285 .
1486 2242 1704 2295 humilius,
1737 2255 1822 2294 quo
1855 2254 1955 2293 pos-

126 2317 183 2360 30
197 2334 371 2375 sumUS,
413 2322 736 2377 supplicamus,
786 2321 994 2375 quatinus
1046 2319 1248 2372 dignetur
1299 2315 1622 2358 concessionem
1669 2312 1804 2366 ipsius
1850 2310 1955 2351 salvi

197 2393 443 2435 conductus
475 2393 637 2448 previis
669 2392 944 2446 respectibus
977 2392 1145 2445 gratam
1178 2389 1338 2430 habere
1370 2388 1412 2428 et
1442 2385 1568 2427 nobis
1599 2384 1704 2425 illud
1736 2396 1834 2423 mox
1867 2381 1954 2422 suis

196 2463 351 2506 litteris
389 2465 606 2507 intimare.
669 2464 726 2506 Et
765 2463 1094 2515 nichilominus,
1134 2460 1255 2515 quia,
1294 2460 1342 2500 ut
1379 2457 1555 2511 quidam
1586 2454 1777 2496 medicus
1810 2453 1955 2493 noster

195 2535 330 2577 illuch
368 2549 505 2590 super
535 2535 640 2577 inde
672 2535 959 2577 transmissus
992 2532 1152 2585 retulit,
1185 2531 1230 2573 in
1260 2530 1361 2572 villa
1393 2526 1528 2569 sancti
1559 2524 1716 2567 Mathei
1747 2523 1832 2564 iam
1867 2524 1952 2563 tres

194 2607 264 2650 vel
315 2608 508 2661 quatuor
551 2607 677 2661 peste
722 2606 945 2659 obierunt,
990 2604 1095 2647 velit
1136 2603 1233 2657 ipsa
1276 2599 1481 2642 sanctitas
1518 2597 1562 2638 in
1599 2596 1743 2637 villam
1780 2592 1952 2635 Morelle

124 2675 180 2718 35
196 2678 424 2732 accedere,
467 2679 523 2720 ad
561 2691 696 2732 quam
733 2690 815 2718 nos
855 2677 988 2719 dante
1026 2675 1203 2717 domino
1243 2672 1312 2714 die
1350 2669 1535 2712 crastina
1572 2680 1651 2707 nos
1683 2663 1950 2718 disponimus

194 2763 468 2803 recessuros,
507 2751 557 2791 ut
594 2749 655 2791 ibi
700 2749 755 2790 de
797 2748 1005 2802 predictis
1050 2748 1093 2789 et
1134 2744 1227 2787 aliis
1266 2741 1446 2784 comode
1484 2736 1822 2790 colloquamurss)
1854 2765 1862 2773 .
1896 2763 1905 2772 .
1939 2764 1947 2773 .

195 2822 294 2864 Dat.
328 2822 652 2876 Cesarauguste
686 2852 695 2862 .
730 2855 739 2863 .
774 2852 784 2862 .
818 2819 1080 2862 duodecimo
1114 2816 1183 2858 die
1215 2813 1329 2856 Junii
1362 2847 1370 2854 .
1405 2845 1413 2853 .
1448 2842 1456 2851 .
1489 2803 1873 2851 M⁰CCCC⁰XIIII⁰.

1395 2882 1490 2923 Rex
1521 2874 1831 2920 Ferdinandus.

311 3011 343 3046 a)
362 3011 481 3039 nostra
500 3008 642 3039 solemni
661 3007 793 3038 consilii
819 3010 893 3044 Εε9.
941 3007 975 3041 b)
995 3005 1101 3035 nostri
1126 3004 1199 3038 Req-
1247 3002 1275 3035 c)
1295 2998 1370 3027 incii
1390 2998 1462 3030 Ray.
1509 2994 1540 3028 d)
1562 2992 1690 3020 irronea
1708 2990 1779 3024 Req.
1816 2989 1844 3022 e)
1865 2985 1944 3015 ceri-

0 3032 20 3102 ?
62 3085 66 3091 ,
119 3056 314 3107 401ηοιιίἰε
333 3059 408 3094 Rea.
462 3058 488 3093 f)
510 3058 554 3087 Ob
575 3058 738 3093 denegato
761 3056 869 3093 [salvo
890 3053 1090 3088 conductum
1144 3052 1176 3086 g)
1197 3048 1398 3077 collocamur
1417 3044 1489 3077 Req-
