2216 3432
452 176 495 212 A.
520 175 684 211 Johanns
698 172 838 212 XXIII.¹
854 173 1177 210 Gesandtschaften
1200 174 1292 208 nach
1310 173 1480 219 Spanien.
1502 174 1747 210 1410-1413,
1768 174 1828 210 Nr‘.
1846 175 1877 210 1.
2006 165 2058 206 21

271 284 580 329 Bononienses
613 282 659 325 et
691 282 801 325 alios
834 282 1056 325 litteratos
1088 281 1293 334 curiales,
1328 281 1383 324 de
1421 281 1583 336 quibus
1614 280 1861 335 videbitur,
1894 283 2066 325 faceret

273 354 511 400 deliberari
543 355 747 398 consulte
784 367 836 397 ac
867 353 1121 397 consulcius
1158 366 1295 408 super
1326 352 1750 407 impugnacionibus
1792 352 1910 396 infra
1941 353 2062 396 inse-

271 426 437 481 rendiS‚
471 439 583 482 quas
617 427 776 469 Petrus
811 425 866 468 de
898 424 1028 467 Luna
1065 426 1111 467 et
1143 424 1214 466 sui
1246 426 1437 478 possunt
1469 425 1660 467 faciliter
1692 425 1848 467 contra
1879 438 2060 479 proces-

272 512 372 542 sum
404 500 448 541 et
479 497 754 540 sentenciam
786 497 942 539 contra
970 509 1074 539 eum
1110 496 1158 538 in
1196 495 1382 539 concilio
1404 495 1602 551 generali
1627 494 1791 538 Pisano
1820 495 1984 539 factam
2016 499 2062 540 et

232 570 599 626 5promulgatam
631 560 834 622 allegare.

393 642 450 684 Et
481 641 626 695 primo
658 640 825 695 poterit
858 639 1006 682 dicere
1039 639 1093 682 de
1125 640 1241 682 facto
1274 638 1392 681 idem
1422 640 1585 682 Petrus
1617 640 1661 681 et
1694 639 1778 692 sui,
1812 640 1933 694 quod
1965 639 2062 694 ipse

273 713 377 757 fecit
424 726 505 767 pel
542 712 693 755 omnia
740 711 940 754 debitum
987 725 1119 753 suurn
1166 710 1291 754 iuxta
1338 710 1617 753 oblacionem
1665 724 1793 753 suam
1841 711 2062 753 veniendo

273 786 468 828 Saonam
499 784 624 826 iuxta
655 784 818 836 oblata,
852 784 1073 825 conventa
1105 783 1148 825 et
1180 783 1452 825 concordata
1483 781 1530 824 in
1562 780 1872 838 Massilia.²³)b).

392 856 504 898 Item
528 856 584 898 ad
606 854 1006 911 convincendumc)
1037 853 1259 896 maliciam
1282 854 1526 897 adversarii
1555 855 1623 896 sui
1649 867 1730 909 pro
1762 857 1869 896 tunc
1901 854 2078 909 Angeli-

203 927 466 970 lOCorrarii
509 927 566 969 ad
603 927 746 981 ipsius
787 923 1090 982 requestamd)
1137 925 1232 981 ipse
1267 927 1428 968 Petrus
1469 940 1572 968 cum
1615 926 1802 980 collegio
1835 939 1916 967 suo
1954 939 2058 980 per-

272 998 484 1042 sonaliter
515 999 745 1041 transtulit
777 1012 824 1040 se
853 998 914 1040 ad
949 998 1132 1039 Portum
1164 998 1360 1040 Veneris.

391 1071 505 1113 Item
537 1070 701 1112 obtulit
739 1084 786 1112 se
826 1070 873 1111 in
911 1068 1128 1111 limitibus
1170 1069 1534 1112 obedienciarum
1576 1068 1812 1123 utriusque
1852 1068 2057 1123 improbe

271 1141 658 1185 contendencium.

390 1215 503 1256 Item
535 1214 582 1256 in
613 1214 710 1257 loco
744 1214 797 1256 de
832 1215 965 1256 Petra
998 1215 1165 1266 sancta,
1199 1211 1246 1254 in
1280 1213 1475 1254 dominio
1510 1212 1692 1255 Lucano
1726 1213 1770 1253 et
1802 1212 2065 1255 obediencia

202 1287 253 1328 15
271 1284 377 1327 dicti
409 1285 569 1340 Angeli
601 1298 683 1339 pro
715 1286 824 1327 tunc
857 1285 1035 1327 situato.

389 1357 502 1399 Item
535 1356 733 1411 Angelus
765 1356 994 1411 predictus
1028 1357 1261 1411 acceptare
1295 1356 1518 1399 recusavit
1562 1357 1709 1398 locum
1743 1357 1796 1399 de
1830 1356 2060 1400 Liburnio.

389 1429 499 1471 Item
539 1442 642 1470 cum
683 1428 930 1482 Lauensae)
978 1429 1021 1470 et
1053 1428 1244 1470 Carrara
1283 1429 1377 1470 loca
1415 1429 1625 1483 prompta
1663 1429 1721 1471 ad
1754 1429 1840 1470 duo
1874 1429 1943 1471 vel
1976 1428 2062 1470 tria

269 1498 518 1553 milliariaf)
562 1500 609 1542 in
644 1500 840 1543 dominio
875 1501 1054 1543 Lucano
1098 1502 1142 1542 et
1173 1500 1313 1554 ipsius
1346 1499 1506 1553 Angeli
1540 1500 1803 1543 obediencia
1841 1514 1922 1555 pro
1955 1513 2062 1542 con-

269 1572 483 1615 vencione
524 1571 756 1626 utriusque
805 1571 1192 1628 dampnabiliterg)
1241 1573 1295 1614 de
1343 1573 1512 1626 papatu
1562 1572 1939 1615 contendencium
1983 1585 2063 1626 per

198 1645 254 1687 20
270 1643 596 1686 ambaxiatores
627 1644 926 1686 Veneciarum
967 1643 1197 1686 nominata
1238 1644 1285 1685 in
1319 1644 1439 1686 Luca
1471 1657 1552 1698 per
1585 1644 1774 1686 nuncios
1809 1643 1916 1686 dicti
1940 1643 2061 1685 Petri

270 1715 449 1758 fuerant
487 1715 625 1757 libere
667 1716 919 1769 acceptata,
960 1716 1081 1770 quod
1120 1716 1247 1758 valde
1287 1715 1455 1769 placuit
1497 1714 1673 1771 quasih)
1722 1715 1929 1758 omnibus
1968 1727 2064 1756 am-

269 1786 575 1829 baxiatoribus
624 1787 904 1829 diversorum
951 1786 1256 1843 principumh)
1308 1788 1353 1828 et
1396 1788 1619 1829 terrarum
1668 1787 1834 1829 ibidem
1876 1800 2059 1841 presen-

270 1858 408 1911 cium,
442 1859 519 1912 qui
553 1859 693 1901 eciam
724 1859 801 1900 illa
833 1859 921 1900 duo
964 1873 1062 1901 esse
1094 1859 1351 1911 accomoda,
1393 1856 1605 1913 ydoneai)
1651 1861 1695 1901 et
1740 1872 1897 1900 secura
1929 1858 2058 1900 valde

271 1930 654 1973 commendarunt.

201 2002 256 2044 ‘25
392 2002 506 2044 Item
552 2001 828 2056 allegabunt⁷
877 2002 998 2056 quod
1046 2001 1188 2043 dictus
1220 2001 1419 2055 Angelus
1463 2000 1746 2044 adversarius
1790 2015 1897 2043 suus
1941 2001 2062 2043 solus

269 2073 443 2127 ruperit
474 2074 713 2116 tractatum
747 2073 927 2115 unionis
970 2073 1157 2115 ecclesie
1196 2074 1385 2116 volendo
1427 2074 1534 2116 dare
1575 2087 1655 2115 seu
1695 2086 1934 2127 prorogare
1974 2073 2062 2114 sal-

271 2158 371 2186 vum
403 2145 675 2187 conductum
703 2144 878 2187 nunciis
891 2142 927 2198 1ζ)
962 2145 1067 2187 dicti
1102 2144 1224 2187 Petri
1257 2146 1398 2187 eciam
1422 2146 1720 2199 congeriendo
1754 2158 1829 2187 eos
1853 2157 2062 2198 expresse

270 2229 296 2258 a
335 2216 511 2258 civitate
556 2214 776 2270 Lucana¹)
827 2219 872 2259 et
910 2216 1221 2259 interdicendo
1264 2217 1354 2258 suis
1399 2216 1720 2269 cardinalibus,
1765 2216 1883 2271 quod
1926 2215 2056 2258 dictis

270 2287 444 2329 nunciis
476 2300 567 2329 non
599 2288 902 2342 loquerentur.

198 2360 254 2402 30
388 2359 500 2401 Item
542 2359 747 2418 foi²sa11¹†¹)
792 2360 1063 2414 allegabunt,
1105 2360 1226 2415 quod
1269 2374 1385 2402 unus
1417 2358 1634 2403 maximus
1667 2359 1876 2414 princeps
1891 2358 1926 2415 1)
1965 2360 2060 2415 et'¹)

270 2431 515 2485 prepotens
553 2431 845 2474 mandaverat
885 2431 1032 2486 ipsum
1071 2432 1255 2474 Petrum
1288 2433 1342 2474 de
1376 2432 1504 2474 Luna
1552 2433 1595 2474 et
1645 2431 1818 2486 aliquos
1865 2431 2062 2486 prelatos

271 2515 376 2544 suos
423 2501 469 2543 in
517 2503 659 2545 Portu
697 2503 881 2545 Veneris
938 2504 1059 2557 capi,
1108 2504 1211 2546 licet
1259 2504 1314 2546 ab
1354 2504 1509 2546 eodem
1557 2504 1747 2546 haberet
1785 2503 1958 2545 litteras
2008 2503 2061 2544 de

272 2574 495 2616 conductu
529 2575 575 2616 et
607 2574 863 2622 securitate,
897 2576 940 2617 et
963 2575 1145 2630 negocio
1179 2575 1355 2617 unionis
1385 2575 1549 2618 infecto
1582 2589 1663 2630 pro
1687 2574 1927 2617 securitate
1960 2587 2062 2627 per-

271 2658 381 2688 sone
414 2659 494 2688 sue
528 2647 570 2688 et
605 2659 789 2688 suorum
822 2647 877 2689 de
910 2646 1094 2694 consilio
1118 2648 1403 2690 dominorum
1436 2646 1731 2690 cardinalium
1764 2659 1945 2688 suorum
1977 2659 2060 2699 pro

201 2716 256 2759 35
271 2717 393 2770 tunc,
415 2719 476 2759 ut
509 2717 625 2769 dicit,
659 2718 816 2760 habuit
847 2731 895 2760 se
927 2731 1145 2772 reponere
1178 2719 1225 2761 in
1257 2732 1416 2761 securo
1450 2720 1495 2761 et
1528 2719 1602 2761 sic
1625 2719 1682 2760 ad
1712 2720 1864 2773 partes
1898 2717 2060 2759 Gatha-

272 2788 391 2831 lonie
423 2788 471 2831 in
503 2788 776 2843 Perpiniano
809 2803 858 2832 se
891 2790 1082 2833 reduxit.

388 2930 418 2964 a)
463 2911 530 2958 Vori
548 2930 643 2958 iuxta
662 2928 711 2958 bia
731 2930 848 2959 oblata
867 2931 948 2966 fehlt
968 2933 1006 2959 B.
1060 2932 1094 2967 b)
1116 2931 1231 2960 Marss.
1251 2933 1288 2959 Β.
1345 2933 1374 2966 c)
1395 2931 1656 2959 convincendam
1678 2931 1707 2958 0.
1757 2930 1790 2964 d)
1811 2929 2007 2964 requisitam
2029 2930 2064 2957 O.

272 2978 301 3011 e)
321 2977 492 3006 Lauenssa
512 2979 547 3006 B.
625 2978 651 3013 f)
672 2978 817 3006 miliaria
836 2980 873 3006 B.
909 2996 912 2998 ,
958 2980 991 3014 g)
1012 2979 1165 3010 damnab.
1186 2980 1215 3008 0.
1275 2979 1309 3014 h)
1331 2979 1418 3007 Fehlt
1439 2980 1468 3007 C'.
1542 2979 1565 3013 i)
1586 2978 1706 3007 idonea
1727 2979 1756 3006 O.
1829 2977 1864 3014 k)
1885 2976 2005 3004 nuncio
2028 2977 2058 3006 O·

272 3024 296 3061 1)
316 3025 404 3053 Fehlt
422 3026 461 3053 Β.
532 3027 576 3060 m)
596 3025 723 3054 forsam
742 3027 780 3054 Β.
852 3027 885 3062 11)
906 3027 994 3055 Fehlt
1016 3028 1044 3055 0.

202 3075 260 3121 40
395 3087 421 3132 ¹)
447 3085 529 3121 Der
554 3085 670 3137 Kimiy
695 3098 765 3122 von
790 3086 1027 3127 Frankreiclz.
