2216 3432
460 181 501 218 B.
541 180 695 228 Gregors
712 182 796 220 XII.
817 183 980 231 Stellung
997 198 1072 221 zum
1092 189 1218 224 Konzil
1242 191 1296 225 bis
1315 203 1375 226 zur
1392 193 1594 241 Eroffnung.
1632 197 1690 234 Nr.
1717 200 1771 235 70.
1912 191 1996 234 285

235 290 380 332 adhuc
413 289 610 342 cottidie,
644 291 693 333 ut
716 294 904 346 apparet
935 307 1014 348 per
1035 297 1171 339 verba
1194 310 1285 351 sua,
1318 299 1409 357 fita)
1441 302 1601 345 durior.
1650 305 1703 346 Et
1734 305 1833 350 ideo
1865 307 2011 365 sereb)

234 362 330 404 tota
360 374 465 417 pars
498 361 851 416 christianitatis,
886 378 972 419 que
1006 366 1090 408 sibi
1121 369 1325 422 obedivit,
1357 372 1560 415 videlicet
1580 375 1732 429 Ytalia,
1754 377 1996 434 Alamania,

235 433 488 488 Hungaria,
534 433 773 487 Bohemia,
823 436 998 486 Prucia,
1046 438 1225 492 Anglia,
1274 442 1525 496 portugalia
1571 450 1850 489 recesserunt
1896 451 1994 501 abss)

234 504 492 548 obedientia
537 518 618 548 sua
657 507 872 560 tanquam
917 509 972 550 ab
1015 512 1216 554 eunucho
1256 514 1299 554 et
1339 514 1574 567 publicano
1608 517 1704 571 de¹‘)
1736 518 1920 572 heresi‘¹)
1953 524 1997 562 et

192 575 443 619 5scismate
487 590 567 631 per
614 577 829 620 iudicium
862 580 1124 623 universalis
1173 584 1356 626 ecclesie
1400 586 1733 640 condempnata
1804 590 1889 631 Ubi
1931 593 1993 632 est

234 660 337 702 ergo
358 649 567 703 papatus,
602 662 738 703 quem
771 649 898 705 iste0)
931 664 1019 693 non
1052 656 1202 706 posset
1237 654 1455 697 dimittere
1488 657 1582 698 sinc
1615 659 1784 699 mortali
1808 663 1997 714 peccato,

231 733 325 763 non
368 719 520 770 video,
568 719 654 762 nisi
690 717 902 763 Karolum
953 724 1006 764 de
1047 723 1303 777 Malatestis,
1353 740 1482 780 quem
1531 728 1642 770 forte
1695 732 1874 782 propter
1921 745 1999 773 sua

234 792 416 846 peccata
458 792 579 833 Deus
622 793 858 845 excecavit,
900 796 945 836 et
976 807 1140 848 paucos
1175 795 1282 838 alios
1324 797 1454 839 istius
1496 797 1730 853 hominisf)
1777 813 1997 854 sequaces.

234 862 383 914 Quare
417 864 546 905 vocat
579 876 683 906 suos
707 865 877 906 emulos
909 878 1055 919 regem
1080 866 1396 919 Romanorum,
1430 869 1504 921 qui
1537 871 1642 911 tunc
1665 873 1758 912 erat
1779 872 1998 926 princeps,

166 935 220 977 10
234 936 278 977 et
308 935 508 990 prelatos
530 934 676 977 tocius
699 935 947 989 Alamanie,
972 937 1144 988 Prucie,
1170 939 1413 994 Poloniess),
1439 941 1583 993 Dacie,
1606 941 1776 994 Anglie,
1798 943 1998 994 Ybernie,

232 1007 433 1059 Francie,
465 1006 633 1059 Ytalie,
668 1008 941 1062 Portugalie,
978 1009 1229 1062 provincie,
1264 1011 1510 1063 Sabaudie,
1550 1011 1625 1065 qui
1658 1027 1808 1055 omnes
1848 1028 1923 1067 per
1954 1030 1999 1056 se

231 1079 302 1121 vel
348 1080 662 1134 procuratores
710 1093 816 1122 suos
864 1080 1044 1122 fuerunt
1091 1080 1136 1122 in
1183 1081 1367 1124 concilio
1416 1082 1576 1125 Pisano
1624 1085 1882 1137 presentes?
1946 1086 2000 1128 Et

232 1149 397 1204 testeh)
442 1151 534 1194 Deo
576 1164 668 1192 non
712 1154 840 1194 erant
879 1150 993 1207 suii)
1039 1153 1185 1204 emuli,
1227 1167 1307 1195 nec
1339 1154 1606 1206 querebant,
1644 1168 1729 1208 que
1767 1169 1846 1197 sua
1885 1161 1998 1208 sunt,

233 1223 312 1265 sed
344 1236 432 1277 que
466 1223 604 1265 Jhesu
637 1223 818 1265 Christi.
884 1224 940 1266 Et
972 1224 1046 1266 illa
1079 1223 1231 1266 civitas
1272 1224 1454 1279 insignis
1486 1224 1833 1282 venetiarumk),
1876 1227 1999 1269 cuius

164 1292 216 1335 15
233 1293 352 1337 filius
385 1295 563 1337 nativus
596 1308 695 1337 esse
730 1295 990 1348 dinoscitur,
1025 1308 1162 1349 quare
1186 1298 1302 1338 esset
1335 1296 1418 1338 sibi
1450 1297 1626 1338 emula?
1660 1297 1815 1339 Nonne
1846 1297 2000 1340 fuisset

233 1366 321 1408 sibi
353 1380 514 1421 magna
546 1366 685 1421 gloria
717 1368 884 1409 habere
919 1368 972 1410 de
1006 1367 1171 1421 gremio
1205 1381 1285 1410 suo
1318 1381 1456 1409 unum
1489 1368 1653 1410 bonum
1677 1381 1848 1422 papam.
1903 1369 2000 1411 Non

233 1439 300 1480 est
339 1437 541 1491 dubium,
591 1439 712 1493 quod
751 1438 826 1491 sic,
870 1438 907 1480 si
940 1437 1024 1493 se¹)
1072 1439 1118 1480 in
1165 1439 1327 1480 talibus
1369 1438 1573 1480 inanibus
1611 1439 1868 1495 articulis¹¹¹)
1913 1453 1999 1481 non

232 1509 478 1552 involveret
511 1511 554 1552 et
575 1523 656 1564 per
678 1510 874 1552 medium
906 1509 1120 1564 dominiss)
1152 1509 1265 1563 regis
1289 1510 1588 1551 Romanorum
1621 1510 1688 1551 vel
1718 1511 1824 1552 alias
1854 1511 1999 1552 debite

233 1595 361 1623 suam
393 1582 808 1624 reconciliacionem
851 1581 893 1623 in
930 1581 1113 1623 concilio
1155 1581 1346 1635 generali
1384 1581 1653 1634 impetraret.
1716 1582 1770 1622 Et
1801 1584 1999 1636 postean)

160 1653 219 1694 20
232 1667 386 1696 omnes
420 1654 476 1696 ad
510 1653 706 1696 debitam
739 1653 1103 1696 reformacionem
1137 1652 1320 1694 ecclesie
1365 1652 1411 1693 in
1443 1650 1587 1705 capite
1630 1653 1672 1693 et
1714 1652 1759 1693 in
1791 1653 1998 1694 membris

232 1725 506 1767 unanimiter
539 1726 859 1768 laboraremus.
922 1725 1078 1766 Melius
1110 1724 1333 1775 faceret0),
1367 1722 1470 1776 quia
1509 1724 1654 1764 forsan
1700 1736 1787 1764 una
1829 1724 1996 1764 dierum

231 1796 450 1853 poteritp)
483 1797 568 1839 sibi
600 1797 869 1851 contingere,
904 1796 1028 1838 sicud
1059 1798 1256 1849 tempore
1287 1794 1444 1836 Calixti
1477 1806 1590 1847 pape
1624 1794 1779 1846 legitur
1811 1794 1864 1835 de
1886 1794 1997 1835 Bur—

233 1868 335 1910 dino
359 1868 591 1921 accidisse,
623 1869 693 1911 vel
722 1868 865 1923 peius.
921 1868 977 1909 Et
1010 1867 1080 1908 hic
1113 1866 1339 1908 evidenter
1371 1865 1696 1907 demonstratur
1727 1864 1847 1911 illud,
1881 1865 1995 1918 quod

231 1941 527 1995 predixerunt
575 1940 718 1982 sancti
768 1941 988 1988 doctores,
1036 1938 1255 1987 videlicet,
1304 1938 1422 1990 quod
1464 1935 1575 1987 ille,-
1602 1935 1675 1988 qui
1718 1935 1762 1975 in
1795 1934 1996 1976 scismate

160 2010 216 2052 25
232 2014 507 2067 perseverat,
542 2026 719 2067 semper
752 2012 981 2054 adinvenit
1011 2010 1326 2065 posicionemq)
1359 2008 1618 2056 hereticam,
1650 2007 1831 2058 propter
1864 2019 1992 2058 quam

231 2084 391 2126 asserit
430 2098 477 2126 se
522 2084 639 2126 iuste
677 2083 723 2125 in
764 2083 971 2125 scismate
1020 2083 1321 2135 permanerer)
1354 2111 1362 2120 .
1398 2111 1406 2119 .
1442 2110 1450 2119 .
1514 2078 1601 2119 Iste
1639 2076 1775 2127 enim,
1820 2077 1893 2129 qui
1936 2075 1995 2116 ita

231 2155 522 2211 solempniter
554 2156 674 2198 vovit
706 2157 750 2197 et
781 2154 943 2197 iuravit
976 2153 1251 2202 renunciare,
1293 2151 1395 2192 dicit
1436 2150 1478 2191 et
1509 2147 1791 2202 pertinaciter
1823 2146 1990 2193 asserit,

231 2241 279 2269 se
311 2228 396 2269 hoc
427 2227 576 2270 facere
599 2241 688 2270 non
723 2240 855 2280 posse
889 2225 985 2268 sine
1017 2224 1185 2267 offensa
1216 2221 1383 2277 peccati
1417 2220 1614 2262 mortalis
1627 2219 1679 2272 Β),
1719 2219 1836 2272 quod
1868 2218 1994 2259 indu-

229 2298 426 2341 bitanter
457 2302 524 2341 est
555 2299 803 2340 hereticum
842 2299 937 2350 etg)
981 2297 1135 2339 contra
1168 2290 1556 2346 declaracioncm‘)
1598 2289 1777 2331 ecclesie
1818 2291 1862 2330 et
1894 2289 1995 2329 doc-

159 2368 392 2412 30trinam
448 2372 706 2412 sanctorum
761 2370 1005 2420 doctorum,
1053 2369 1101 2408 ut
1147 2379 1280 2419 supra
1326 2364 1439 2405 clare
1486 2361 1718 2415 probatum
1766 2362 1830 2401 est
1879 2391 1887 2399 .
1933 2390 1941 2398 .
1983 2391 1992 2400 .

0 2403 15 2500 ,t
230 2442 345 2484 Nam
392 2442 580 2484 ecclesia
628 2440 949 2492 determinavit,
990 2439 1161 2493 quodss')
1209 2450 1289 2490 pro
1336 2433 1570 2476 sedacione
1617 2430 1756 2484 gravis
1801 2428 1993 2471 scandali

228 2515 410 2555 tenetur
441 2513 643 2567 prelatus
677 2511 941 2554 renunciare
976 2545 984 2553 .
1020 2542 1028 2551 .
1064 2542 1073 2550 .

350 2584 413 2639 [9]
477 2583 769 2626 Peccatori.
845 2584 908 2624 De
957 2595 1044 2636 quo
1100 2577 1367 2633 „peccatori“
1422 2575 1505 2616 iste
1557 2571 1774 2625 intelligit,
1827 2569 1991 2619 nescio;

229 2669 334 2698 nam
367 2655 575 2697 dominus
598 2654 865 2707 Alexander,
892 2653 974 2707 qui
1006 2652 1091 2694 fuit
1123 2649 1383 2693 auctoritate
1413 2643 1671 2688 universalis
1703 2641 1884 2684 ecclesie
1915 2652 1993 2694 per

159 2723 213 2766 35
231 2727 434 2770 dominos
467 2725 718 2769 cardinales
750 2725 797 2767 in
820 2725 1006 2768 concilio
1030 2721 1223 2777 generali
1256 2720 1420 2762 electus
1452 2717 1496 2757 in
1518 2727 1692 2768 papam,
1725 2714 1767 2754 et
1791 2711 1991 2753 dominus

229 2799 454 2841 Johannes
486 2810 717 2839 successor
750 2810 858 2839 suus
890 2796 936 2837 in
967 2795 1135 2850 papatu
1168 2791 1347 2833 fuerunt
1377 2790 1600 2840 tamquam
1623 2782 1726 2855 boni
1758 2784 1801 2823 et
1832 2779 1988 2834 ydonei

0 826 11 852 ες

0 853 10 885 ⁸>

0 938 18 966 ἃ

0 978 20 998 l.

0 1148 6 1159 ι

347 2964 379 2999 a)
399 2963 488 2991 Fehlt
508 2964 538 2991 0.
587 2964 620 2998 b)
641 2970 719 2991 vere
746 2962 775 2990 Ο.
826 2962 854 2996 c)
875 2960 917 2988 ad
938 2960 967 2988 0.
1010 2958 1042 2990 (1)
1063 2957 1203 2985 heresim
1225 2956 1253 2983 0.
1297 2955 1325 2987 e)
1345 2952 1416 2988 ipse
1436 2952 1472 2979 B.
1515 2951 1538 2984 1)
1558 2947 1705 2976 nomines
1726 2946 1753 2972 0'·
1797 2945 1829 2978 g)
1849 2942 1933 2969 Fehll
1952 2942 1987 2968 Β·

228 3011 262 3046 11)
282 3011 348 3040 iste
369 3011 398 3040 0.
436 3010 458 3045 i)
478 3010 526 3039 ibi
547 3011 576 3039 0.
614 3011 649 3045 k)
668 3009 848 3038 Ventorum
869 3008 898 3036 0.
935 3007 959 3042 l)
981 3006 1038 3034 sed
1055 3013 1090 3033 se
1112 3005 1140 3032 C‘.
1178 3003 1221 3037 m)
1241 2999 1442 3036 argumentis
1462 2996 1609 3025 involvet
1628 2995 1657 3022 0-
1693 2994 1724 3026 n)
1739 2989 1944 3044 P0⁸t¹¹¹0d¹¹¹¹¹
1959 2989 1987 3015 0·

228 3060 259 3093 o)
279 3058 391 3087 facere
412 3059 442 3087 0.
478 3059 511 3093 p)
531 3057 680 3094 potuerit
701 3057 730 3085 0.
768 3056 800 3091 q)
825 3054 1012 3084 Undeutlich
1034 3053 1062 3081 0.
1100 3053 1128 3085 r)
1148 3049 1313 3086 pertinere
1335 3048 1369 3075 B·
1407 3047 1435 3080 s)
1454 3042 1605 3072 mortalis
1624 3040 1750 3076 peccam
1772 3038 1800 3066 0-
1837 3037 1861 3070 t)
1882 3035 1985 3062 deter-

155 3102 216 3148 40
227 3106 444 3135 minationem
465 3106 494 3135 0.
