2216 3432
280 165 336 207 90
700 168 726 202 Ι.
751 164 944 200 Abschnitt.
993 158 1414 202 Unionsverhandlungon
1438 156 1493 191 bis
1524 156 1624 192 1413.

282 280 429 322 contra
459 287 648 330 paganos
678 275 723 314 et
752 269 948 312 infideles
969 267 1225 308 alterutrum
1248 276 1329 304 nos
1350 262 1607 316 colligantes
1629 261 1772 302 adhuc
1793 259 1838 301 in
1860 258 2016 302 eodem

282 349 430 391 nostro
485 358 615 397 regno
666 355 745 396 per
788 338 995 381 nonnulla
1039 338 1238 388 tempora
1282 333 1484 375 volumus
1530 331 1735 374 fraternis
1782 329 2014 372 affectibus
2188 346 2216 362 ι-

281 417 478 459 iocundis
524 412 788 466 respectibus
834 404 1134 461 congratulari.
1197 404 1292 445 Hoc
1331 402 1483 455 utique
1514 401 1560 443 in
1591 402 1779 454 utroque
1811 401 2014 442 nostrum

281 487 418 528 virtus
449 483 642 526 altissimi
674 479 842 535 operari
874 476 1125 521 dinoscitur,
1163 474 1266 515 dum
1298 473 1528 515 amborum
1558 472 1728 513 mentes
1760 470 1824 511 sic
1855 469 2015 512 indivi-

284 557 367 597 duo
389 555 533 597 federe
550 553 591 593 et
608 550 834 604 presertim
856 548 1061 589 adversus
1083 544 1363 598 plasphemos
1387 541 1576 583 nominis
1594 541 1758 582 Christi
1781 539 2015 595 copulavit,
2030 539 2055 581 5

283 639 330 666 ac
362 625 398 666 si
431 637 513 664 non
548 621 797 674 diversumss)
835 619 910 659 sed
947 616 1115 658 unitum
1156 613 1284 655 simul
1326 612 1626 654 habitaculum
1658 610 1924 663 obtinerent,
1967 612 2018 653 ut

282 695 430 736 eadem
464 692 673 742 voluntas,
707 690 821 730 idem
853 689 909 729 sit
942 685 1203 727 desiderium
1234 682 1476 735 utriusque.
1531 682 1644 723 Nam
1677 683 1721 722 et
1753 681 1848 735 ipse
1880 681 2017 724 frater

282 765 427 804 noster
464 761 658 803 dominus
699 773 772 800 rex
805 757 980 800 Polonie
1020 753 1282 797 differentias
1322 755 1364 794 et
1395 752 1522 804 sacta,
1562 765 1648 805 que
1687 764 1788 792 cum
1826 751 2016 794 dominis

282 831 509 874 Cruciferis
533 831 584 872 de
610 829 783 871 Prussia
804 829 963 868 habere
986 825 1216 879 pretendit,
1250 826 1397 865 nostro
1422 822 1607 864 subiecit
1630 821 1834 874 examini,
1867 821 2016 876 cogn-i-

280 902 384 943 tioni
427 902 467 942 et
498 900 754 949 diffinitioni,
797 898 988 950 obligans
1027 909 1072 936 se
1104 908 1180 948 per
1213 895 1382 935 litteras
1426 906 1527 934 suas
1568 906 1647 947 per
1678 892 1857 934 modum
1897 905 2015 936 com·
2034 890 2088 932 10

281 970 479 1025 promissi
511 969 694 1011 efficacis
725 970 865 1009 ratum
896 970 938 1008 et
969 968 1149 1019 gratum,
1181 965 1309 1005 etiam
1342 976 1440 1004 cum
1472 976 1587 1016 pene
1619 976 1697 1004 seu
1731 962 1892 1005 mulcte
1922 963 2016 1005 val-

280 1041 437 1082 latione
466 1039 641 1081 arbitrio
669 1040 813 1079 nostro
844 1037 1073 1090 infligendo
1106 1036 1362 1076 inconcusse
1395 1036 1545 1074 tenere
1578 1034 1623 1074 et
1654 1046 1830 1075 servare
1863 1035 2016 1076 nostra

279 1109 574 1163 pronunciata.
636 1108 840 1149 Similiter
881 1109 922 1148 et
965 1105 1127 1147 domiui
1168 1104 1346 1145 Pruteui
1389 1117 1441 1144 ex
1472 1103 1658 1145 adverso
1696 1103 1850 1145 volunt
1882 1105 2014 1158 atque

280 1179 438 1220 debent
469 1181 611 1220 nostre
644 1177 988 1230 pronunciationi
1021 1177 1334 1228 obtemperare.
1387 1173 1642 1215 Tei-minum
1666 1187 1844 1228 quoque
1867 1186 2014 1217 coram

280 1248 402 1289 nobis
446 1248 565 1288 Bude
607 1247 794 1300 legitime
833 1247 1106 1300 comparendi
1138 1245 1389 1297 prefiximus
1432 1243 1680 1296 quindenos
1718 1244 1819 1286 festi
1854 1245 2015 1286 Pente·
2034 1241 2084 1283 15

280 1317 458 1370 costesl)
502 1317 738 1369 proximum
786 1316 991 1357 affuturos
1038 1318 1079 1357 et
1128 1315 1288 1356 ibidem
1334 1316 1459 1367 patre
1515 1314 1731 1356 luminum
1778 1315 2014 1358 assistente

278 1387 471 1427 volumus
511 1387 624 1428 inter
665 1388 809 1438 partes
849 1386 1150 1438 pronunciare.
1213 1385 1265 1426 Et
1297 1397 1525 1437 speramus
1563 1387 1824 1439 perpetuam
1865 1384 2014 1428 amici-

279 1456 382 1496 tiam
421 1456 591 1496 firmare
632 1456 747 1496 inter
783 1457 899 1508 ipsas
936 1458 1082 1508 partes
1119 1455 1272 1501 taliter,
1311 1456 1428 1507 quod
1462 1468 1540 1496 nos
1574 1457 1618 1496 et
1648 1468 1722 1496 rex
1757 1455 1937 1498 Polonie
1969 1458 2015 1498 et

278 1524 432 1577 prefati
463 1525 668 1566 Cruciferi
701 1526 752 1566 de
786 1525 959 1566 Prussia
991 1526 1309 1577 quodammodo
1352 1525 1590 1566 debeamus
1623 1525 1754 1567 simul
1787 1539 1884 1567 esse
1917 1539 2013 1569 mu-

277 1596 436 1646 tuaque
481 1607 555 1635 nos
599 1596 652 1635 ad
694 1595 875 1636 invicem
927 1596 1118 1636 adunare
1164 1609 1213 1636 ac
1259 1595 1482 1648 insurgere
1529 1596 1683 1637 contra
1730 1595 1931 1638 infideles
1969 1594 2084 1639 et20

275 1663 518 1704 barbaricas
551 1665 758 1706 nationes.
815 1665 867 1705 Et
900 1678 1047 1705 revera
1078 1666 1129 1705 ad
1166 1665 1461 1718 recipiendum
1495 1679 1701 1707 coronam
1738 1667 2012 1720 imperialem

274 1734 416 1783 partes
462 1733 685 1774 Alamauie
745 1735 905 1775 dudum
952 1735 1233 1787 petissemus,
1288 1736 1363 1775 sed
1414 1737 1681 1788 prefatorum
1735 1737 2012 1781 dominorum

274 1801 585 1843 Cruciferorum
630 1804 681 1844 de
715 1805 890 1845 Prussia
932 1805 1043 1845 facta
1088 1818 1164 1845 nos
1199 1807 1486 1847 retraxerunt.
1552 1806 1663 1848 Nam
1696 1821 1746 1848 ex
1781 1821 1869 1862 quo
1901 1808 2011 1850 Cru-

273 1870 390 1911 ciferi
422 1871 504 1924 ipsi
534 1874 586 1913 ad
615 1886 781 1914 sacrum
814 1875 1043 1926 imperium
1076 1877 1274 1928 spectare
1309 1876 1599 1918 dinoscuntur
1621 1878 1664 1918 et
1686 1879 1811 1931 quasi
1844 1878 2011 1934 clipeus

273 1942 314 1980 et
353 1954 499 1981 murus
546 1943 810 1984 defensionis
859 1947 1008 1986 contra
1059 1945 1246 1987 insultus
1287 1946 1527 1988 infidelium
1576 1962 1627 1989 ex
1669 1949 1854 1990 adverso
1901 1946 2080 1991 assi-‘25

274 2009 500 2062 dentium¹'>
533 2025 577 2052 se
609 2016 833 2066 opponunt
865 2015 1066 2056 continue
1094 2018 1135 2056 et
1159 2016 1366 2058 dimicant
1391 2018 1586 2068 viriliter,
1619 2019 1736 2060 racio
1760 2018 1899 2061 nostri
1921 2020 2010 2062 dis-

272 2092 420 2120 cursus
468 2083 693 2132 persuasit,
739 2086 787 2124 ut
826 2084 997 2126 iuterim
1047 2087 1366 2138 quodammodo
1417 2088 1645 2142 suspensis
1694 2089 1792 2132 aliis
1841 2090 2010 2144 negotis

272 2149 429 2189 nostris
460 2164 555 2191 cum
587 2152 794 2194 instantia
827 2168 978 2207 magua
1010 2157 1256 2198 dederimus
1289 2171 1367 2199 nos
1400 2160 1454 2199 ad
1487 2173 1551 2210 ea,
1585 2173 1672 2214 que
1704 2162 1828 2203 tanto
1851 2173 2010 2215 expec-

270 2219 400 2259 tando
451 2222 494 2260 et
540 2224 806 2274 expediendo
857 2226 1024 2277 negotio
1077 2229 1374 2278 congruebant
1421 2230 1545 2271 nobis
1599 2244 1773 2285 semper
1828 2233 2009 2274 auctore

272 2288 439 2330 domino
485 2291 573 2345 ade)
617 2294 797 2334 salutem
840 2296 883 2334 et
915 2296 1103 2348 quietem
1146 2297 1496 2340 christifidelium
1530 2301 1824 2354 dirigentibus
1870 2302 2007 2345 aciem
2023 2297 2080 2339 30
2210 2294 2216 2339 l

272 2358 414 2399 nostro
445 2360 608 2402 mentis.
662 2364 747 2403 Sed
780 2364 880 2416 quia
912 2366 1050 2407 nodus
1083 2370 1127 2408 et
1158 2368 1373 2410 involucio
1398 2372 1518 2411 tante
1541 2371 1788 2425 questionis
1809 2374 2008 2428 tempore

271 2426 313 2465 et
340 2428 579 2470 maturitate
610 2431 784 2484 indiget,
817 2436 864 2474 ut
885 2436 1125 2477 consultius
1148 2439 1190 2478 et
1213 2439 1359 2480 sanius
1382 2442 1647 2493 procedatur
1668 2442 1714 2484 in
1736 2456 1817 2485 sua
1838 2442 2009 2486 dissen-

272 2495 403 2545 sione,
435 2498 690 2541 arbitramur
721 2502 791 2543 vix
822 2516 950 2556 posse
982 2505 1170 2547 finaliter
1201 2509 1404 2562 expedire
1437 2512 1480 2552 et
1507 2512 1802 2555 determinare
1829 2526 2008 2558 causam

272 2563 404 2616 ipsam
438 2566 548 2609 infra
587 2570 766 2613 duorum
806 2574 1020 2618 mensium
1058 2589 1082 2617 a
1121 2578 1305 2619 termino
1347 2580 1447 2622 dato
1488 2583 1890 2635 computandorum
1932 2583 2008 2626 de-

273 2645 454 2675 cursum.
515 2638 714 2682 Preterea
745 2641 789 2683 in
821 2643 972 2696 hyeme
1004 2646 1222 2689 transacta
1252 2649 1452 2692 misimus
1486 2665 1666 2694 manum
1700 2655 1898 2696 nostram
1925 2667 2007 2708 pro
2021 2653 2076 2696 35

274 2706 592 2755 recuperatione.
622 2711 833 2752 terrarum
865 2714 1000 2767 Italie,
1033 2729 1117 2769 que
1150 2720 1254 2759 sunt
1277 2720 1330 2761 de
1351 2721 1597 2773 potioribus
1628 2723 1823 2777 imperii3
1854 2726 2007 2778 gentes

274 2783 426 2824 nempe
467 2779 612 2818 nostre
650 2779 693 2820 in
729 2782 856 2824 terris
896 2784 994 2826 Fori
1033 2786 1135 2828 Julii
1173 2789 1218 2829 et
1250 2789 1512 2833 Lombardie
1549 2794 1594 2835 et
1630 2792 1911 2850 Trevisanad)
1949 2794 2005 2837 de

385 2934 414 2966 a)
435 2934 477 2961 Ob
496 2935 632 2965 divisum
651 2940 700 2966 B?
735 2942 768 2976 b)
788 2945 1027 2974 assendentium
1047 2949 1083 2975 B.
1120 2950 1149 2983 c)
1169 2950 1202 2977 et
1221 2951 1256 2978 B.
1294 2951 1326 2986 d)
1347 2952 1436 2988 Folm
1455 2954 1490 2982 et
1510 2955 1592 2983 doch
1611 2955 1824 2994 aberflilseiq?

389 2991 414 3035 ¹)
449 2992 511 3040 Vql.
535 2994 715 3033 Asckbaclz
738 3000 768 3046 J,
791 3001 859 3036 440
881 3005 952 3039 und
978 3007 1068 3041 Caro
1094 3007 1160 3054 III,
1185 3009 1264 3047 480.
