<?xml version="1.0" encoding="UTF-8"?>
<!DOCTYPE html PUBLIC "-//W3C//DTD XHTML 1.0 Transitional//EN"
    "http://www.w3.org/TR/xhtml1/DTD/xhtml1-transitional.dtd">
<html xmlns="http://www.w3.org/1999/xhtml" xml:lang="en" lang="en">
 <head>
  <title>
</title>
<meta http-equiv="Content-Type" content="text/html;charset=utf-8" />
  <meta name='ocr-system' content='tesseract 3.04.00' />
  <meta name='ocr-capabilities' content='ocr_page ocr_carea ocr_par ocr_line ocrx_word'/>
</head>
<body>
  <div class='ocr_page' id='page_1' title='image "./actaconciliicons01counuoft/actaconciliicons01counuoft_0070.png"; bbox 0 0 2216 3432; ppageno 0'>
   <div class='ocr_carea' id='block_1_1' title="bbox 239 169 1554 233">
    <p class='ocr_par' dir='ltr' id='par_1_1' title="bbox 239 169 1554 233">
     <span class='ocr_line' id='line_1_1' title="bbox 239 169 1554 233; baseline -0.022 0"><span class='ocrx_word' id='word_1_1' title='bbox 239 193 289 233; x_wconf 88' lang='grc'>56</span> <span class='ocrx_word' id='word_1_2' title='bbox 634 191 659 225; x_wconf 91' lang='grc' dir='ltr'>Ι.</span> <span class='ocrx_word' id='word_1_3' title='bbox 684 185 875 222; x_wconf 85' lang='lat' dir='ltr'>Abschnitt.</span> <span class='ocrx_word' id='word_1_4' title='bbox 924 175 1347 217; x_wconf 84' lang='lat' dir='ltr'>Unionsverhandlungen</span> <span class='ocrx_word' id='word_1_5' title='bbox 1373 171 1425 204; x_wconf 87' lang='lat' dir='ltr'>bis</span> <span class='ocrx_word' id='word_1_6' title='bbox 1454 169 1554 205; x_wconf 81' lang='lat'>1413.</span> 
     </span>
    </p>
   </div>
   <div class='ocr_carea' id='block_1_2' title="bbox 241 270 2034 705">
    <p class='ocr_par' dir='ltr' id='par_1_2' title="bbox 241 270 2034 705">
     <span class='ocr_line' id='line_1_2' title="bbox 354 270 1962 353; baseline -0.023 -8"><span class='ocrx_word' id='word_1_7' title='bbox 354 302 560 353; x_wconf 84' lang='lat' dir='ltr'>Quodque</span> <span class='ocrx_word' id='word_1_8' title='bbox 591 309 703 338; x_wconf 89' lang='lat' dir='ltr'>unus</span> <span class='ocrx_word' id='word_1_9' title='bbox 734 292 901 334; x_wconf 89' lang='lat' dir='ltr'>tantum</span> <span class='ocrx_word' id='word_1_10' title='bbox 923 284 1211 329; x_wconf 76' lang='lat' dir='ltr'>constituatur</span> <span class='ocrx_word' id='word_1_11' title='bbox 1234 280 1287 322; x_wconf 89' lang='lat' dir='ltr'>ab</span> <span class='ocrx_word' id='word_1_12' title='bbox 1310 276 1513 319; x_wconf 90' lang='lat' dir='ltr'>omnibus</span> <span class='ocrx_word' id='word_1_13' title='bbox 1535 274 1677 316; x_wconf 88' lang='lat' dir='ltr'>tribus</span> <span class='ocrx_word' id='word_1_14' title='bbox 1699 270 1962 326; x_wconf 80' lang='lat' dir='ltr'>procurator</span> 
     </span>
     <span class='ocr_line' id='line_1_3' title="bbox 241 344 1962 423; baseline -0.021 -6"><span class='ocrx_word' id='word_1_15' title='bbox 241 377 284 417; x_wconf 89' lang='lat' dir='ltr'>et</span> <span class='ocrx_word' id='word_1_16' title='bbox 329 386 414 415; x_wconf 88' lang='lat' dir='ltr'>non</span> <span class='ocrx_word' id='word_1_17' title='bbox 457 370 616 423; x_wconf 83' lang='lat' dir='ltr'>plures,</span> <span class='ocrx_word' id='word_1_18' title='bbox 663 364 833 406; x_wconf 82' lang='lat' dir='ltr'>videtur</span> <span class='ocrx_word' id='word_1_19' title='bbox 878 370 988 411; x_wconf 87' lang='lat' dir='ltr'>pape</span> <span class='ocrx_word' id='word_1_20' title='bbox 1021 351 1223 406; x_wconf 74' lang='lat' dir='ltr'>Gregorio</span> <span class='ocrx_word' id='word_1_21' title='bbox 1255 349 1310 390; x_wconf 86' lang='lat' dir='ltr'>ad</span> <span class='ocrx_word' id='word_1_22' title='bbox 1342 344 1625 422; x_wconf 82' lang='lat' dir='ltr'>auferendam</span> <span class='ocrx_word' id='word_1_23' title='bbox 1657 354 1830 384; x_wconf 90' lang='lat' dir='ltr'>omnem</span> <span class='ocrx_word' id='word_1_24' title='bbox 1861 351 1962 393; x_wconf 87' lang='lat' dir='ltr'>per-</span> 
     </span>
     <span class='ocr_line' id='line_1_4' title="bbox 243 418 1963 499; baseline -0.022 -13"><span class='ocrx_word' id='word_1_25' title='bbox 243 442 487 499; x_wconf 85' lang='lat' dir='ltr'>plexitatem</span> <span class='ocrx_word' id='word_1_26' title='bbox 513 447 723 487; x_wconf 88' lang='lat' dir='ltr'>omneque</span> <span class='ocrx_word' id='word_1_27' title='bbox 745 428 1110 484; x_wconf 63' lang='lat' dir='ltr'>impedimentum</span> <span class='ocrx_word' id='word_1_28' title='bbox 1142 420 1259 475; x_wconf 87' lang='lat' dir='ltr'>quia,</span> <span class='ocrx_word' id='word_1_29' title='bbox 1292 418 1328 460; x_wconf 92' lang='lat' dir='ltr'>si</span> <span class='ocrx_word' id='word_1_30' title='bbox 1360 427 1665 468; x_wconf 86' lang='lat' dir='ltr'>unusqulsque</span> <span class='ocrx_word' id='word_1_31' title='bbox 1698 424 1827 491; x_wconf 82' lang='lat' dir='ltr'>suum</span> <span class='ocrx_word' id='word_1_32' title='bbox 1859 422 1963 452; x_wconf 90' lang='lat' dir='ltr'>con-</span> 
     </span>
     <span class='ocr_line' id='line_1_5' title="bbox 246 481 1965 562; baseline -0.021 -7"><span class='ocrx_word' id='word_1_33' title='bbox 246 512 438 555; x_wconf 85' lang='lat' dir='ltr'>stitueret</span> <span class='ocrx_word' id='word_1_34' title='bbox 467 506 787 562; x_wconf 88' lang='lat' dir='ltr'>procuratorem</span> <span class='ocrx_word' id='word_1_35' title='bbox 833 507 1091 552; x_wconf 86' lang='lat' dir='ltr'>quamquam</span> <span class='ocrx_word' id='word_1_36' title='bbox 1122 487 1476 537; x_wconf 74' lang='lat' dir='ltr'>irrevocabiliter,</span> <span class='ocrx_word' id='word_1_37' title='bbox 1518 484 1782 538; x_wconf 80' lang='lat' dir='ltr'>perplexitas</span> <span class='ocrx_word' id='word_1_38' title='bbox 1816 481 1965 534; x_wconf 84' lang='lat' dir='ltr'>posset</span> 
     </span>
     <span class='ocr_line' id='line_1_6' title="bbox 246 545 2034 632; baseline -0.02 -8"><span class='ocrx_word' id='word_1_39' title='bbox 246 582 360 632; x_wconf 88' lang='lat' dir='ltr'>oriri,</span> <span class='ocrx_word' id='word_1_40' title='bbox 394 579 559 620; x_wconf 76' lang='lat' dir='ltr'>dicente</span> <span class='ocrx_word' id='word_1_41' title='bbox 589 583 845 625; x_wconf 86' lang='lat' dir='ltr'>unoquoque</span> <span class='ocrx_word' id='word_1_42' title='bbox 876 565 1202 620; x_wconf 89' lang='lat' dir='ltr'>procuratorum</span> <span class='ocrx_word' id='word_1_43' title='bbox 1234 559 1356 606; x_wconf 74' lang='lat' dir='ltr'>velle,</span> <span class='ocrx_word' id='word_1_44' title='bbox 1388 556 1505 610; x_wconf 85' lang='lat' dir='ltr'>quod</span> <span class='ocrx_word' id='word_1_45' title='bbox 1537 554 1609 596; x_wconf 90' lang='lat' dir='ltr'>alii</span> <span class='ocrx_word' id='word_1_46' title='bbox 1643 554 1728 594; x_wconf 92' lang='lat' dir='ltr'>dno</span> <span class='ocrx_word' id='word_1_47' title='bbox 1759 551 1967 629; x_wconf 79' lang='lat' dir='ltr'>cederent</span> <span class='ocrx_word' id='word_1_48' title='bbox 2008 545 2034 587; x_wconf 89' lang='lat'>5</span> 
     </span>
     <span class='ocr_line' id='line_1_7' title="bbox 248 625 1966 705; baseline -0.02 -11"><span class='ocrx_word' id='word_1_49' title='bbox 248 651 380 705; x_wconf 83' lang='lat' dir='ltr'>prius,</span> <span class='ocrx_word' id='word_1_50' title='bbox 428 650 468 689; x_wconf 89' lang='lat' dir='ltr'>et</span> <span class='ocrx_word' id='word_1_51' title='bbox 513 644 739 687; x_wconf 86' lang='lat' dir='ltr'>excusante</span> <span class='ocrx_word' id='word_1_52' title='bbox 785 653 843 691; x_wconf 92' lang='lat' dir='ltr'>se,</span> <span class='ocrx_word' id='word_1_53' title='bbox 889 636 1003 690; x_wconf 88' lang='lat' dir='ltr'>quod</span> <span class='ocrx_word' id='word_1_54' title='bbox 1035 634 1166 675; x_wconf 89' lang='lat' dir='ltr'>nollet</span> <span class='ocrx_word' id='word_1_55' title='bbox 1198 627 1451 671; x_wconf 86' lang='lat' dir='ltr'>renunciare</span> <span class='ocrx_word' id='word_1_56' title='bbox 1483 627 1525 667; x_wconf 82' lang='lat' dir='ltr'>ct</span> <span class='ocrx_word' id='word_1_57' title='bbox 1557 625 1710 666; x_wconf 85' lang='lat' dir='ltr'>cedere</span> <span class='ocrx_word' id='word_1_58' title='bbox 1742 635 1877 675; x_wconf 81' lang='lat' dir='ltr'>prior,</span> <span class='ocrx_word' id='word_1_59' title='bbox 1911 634 1966 662; x_wconf 91' lang='lat' dir='ltr'>ne</span> 
     </span>
    </p>
   </div>
   <div class='ocr_carea' id='block_1_3' title="bbox 2014 0 2216 506">
    <p class='ocr_par' dir='ltr' id='par_1_3' title="bbox 2014 0 2216 506">
     <span class='ocr_line' id='line_1_8' title="bbox 2014 0 2216 506; baseline 0 2926"><span class='ocrx_word' id='word_1_60' title='bbox 2014 0 2216 506; x_wconf 95' lang='lat' dir='ltr'> </span> 
     </span>
    </p>
   </div>
   <div class='ocr_carea' id='block_1_4' title="bbox 247 686 2216 924">
    <p class='ocr_par' dir='ltr' id='par_1_4' title="bbox 247 686 2216 924">
     <span class='ocr_line' id='line_1_9' title="bbox 247 686 2216 768; baseline -0.019 -6"><span class='ocrx_word' id='word_1_61' title='bbox 247 721 355 762; x_wconf 90' lang='lat' dir='ltr'>alius</span> <span class='ocrx_word' id='word_1_62' title='bbox 401 718 511 759; x_wconf 87' lang='lat' dir='ltr'>forte</span> <span class='ocrx_word' id='word_1_63' title='bbox 542 716 691 768; x_wconf 89' lang='lat' dir='ltr'>postea</span> <span class='ocrx_word' id='word_1_64' title='bbox 722 707 972 751; x_wconf 89' lang='lat' dir='ltr'>renunciare</span> <span class='ocrx_word' id='word_1_65' title='bbox 1005 707 1047 745; x_wconf 92' lang='lat' dir='ltr'>et</span> <span class='ocrx_word' id='word_1_66' title='bbox 1078 702 1228 743; x_wconf 82' lang='lat' dir='ltr'>cedere</span> <span class='ocrx_word' id='word_1_67' title='bbox 1261 698 1508 740; x_wconf 78' lang='lat' dir='ltr'>rennueret.</span> <span class='ocrx_word' id='word_1_68' title='bbox 1572 695 1777 735; x_wconf 86' lang='lat' dir='ltr'>Ceterum</span> <span class='ocrx_word' id='word_1_69' title='bbox 1809 691 1967 745; x_wconf 81' lang='lat' dir='ltr'>posito,</span> <span class='ocrx_word' id='word_1_70' title='bbox 2210 686 2216 716; x_wconf 72' lang='lat' dir='ltr'>t</span> 
     </span>
     <span class='ocr_line' id='line_1_10' title="bbox 247 721 2216 843; baseline -0.018 -12"><span class='ocrx_word' id='word_1_71' title='bbox 247 789 361 843; x_wconf 87' lang='lat' dir='ltr'>quod</span> <span class='ocrx_word' id='word_1_72' title='bbox 393 788 475 827; x_wconf 90' lang='lat' dir='ltr'>duo</span> <span class='ocrx_word' id='word_1_73' title='bbox 498 782 794 825; x_wconf 75' lang='lat' dir='ltr'>renunciarent</span> <span class='ocrx_word' id='word_1_74' title='bbox 825 778 913 818; x_wconf 75' lang='lat' dir='ltr'>sive</span> <span class='ocrx_word' id='word_1_75' title='bbox 945 787 1068 824; x_wconf 67' lang='lat' dir='ltr'>unus,</span> <span class='ocrx_word' id='word_1_76' title='bbox 1102 771 1278 824; x_wconf 76' lang='lat' dir='ltr'>possent</span> <span class='ocrx_word' id='word_1_77' title='bbox 1311 769 1395 809; x_wconf 89' lang='lat' dir='ltr'>dno</span> <span class='ocrx_word' id='word_1_78' title='bbox 1428 767 1494 808; x_wconf 75' lang='lat' dir='ltr'>vel</span> <span class='ocrx_word' id='word_1_79' title='bbox 1527 766 1724 818; x_wconf 87' lang='lat' dir='ltr'>ipsorum</span> <span class='ocrx_word' id='word_1_80' title='bbox 1757 763 1866 804; x_wconf 89' lang='lat' dir='ltr'>alter</span> <span class='ocrx_word' id='word_1_81' title='bbox 1897 774 1967 802; x_wconf 94' lang='lat' dir='ltr'>re-</span> <span class='ocrx_word' id='word_1_82' title='bbox 2209 721 2216 815; x_wconf 63' lang='lat' dir='ltr'>i</span> 
     </span>
     <span class='ocr_line' id='line_1_11' title="bbox 247 820 2216 924; baseline -0.017 -24"><span class='ocrx_word' id='word_1_83' title='bbox 247 871 394 900; x_wconf 85' lang='lat' dir='ltr'>cusare</span> <span class='ocrx_word' id='word_1_84' title='bbox 426 857 466 896; x_wconf 89' lang='lat' dir='ltr'>et</span> <span class='ocrx_word' id='word_1_85' title='bbox 488 852 751 895; x_wconf 87' lang='lat' dir='ltr'>occasionem</span> <span class='ocrx_word' id='word_1_86' title='bbox 774 849 1167 902; x_wconf 84' lang='lat' dir='ltr'>quantumcumque</span> <span class='ocrx_word' id='word_1_87' title='bbox 1201 839 1395 881; x_wconf 78' lang='lat' dir='ltr'>frivolam</span> <span class='ocrx_word' id='word_1_88' title='bbox 1429 850 1514 878; x_wconf 92' lang='lat' dir='ltr'>non</span> <span class='ocrx_word' id='word_1_89' title='bbox 1549 832 1834 877; x_wconf 84' lang='lat' dir='ltr'>renunciandi</span> <span class='ocrx_word' id='word_1_90' title='bbox 1865 844 1967 886; x_wconf 88' lang='lat' dir='ltr'>cap·</span> <span class='ocrx_word' id='word_1_91' title='bbox 2209 820 2216 924; x_wconf 68' lang='lat'><strong>¹</strong></span> 
     </span>
    </p>
   </div>
   <div class='ocr_carea' id='block_1_5' title="bbox 244 900 2216 2862">
    <p class='ocr_par' dir='ltr' id='par_1_5' title="bbox 244 900 2216 1178">
     <span class='ocr_line' id='line_1_12' title="bbox 250 900 2039 969; baseline -0.017 0"><span class='ocrx_word' id='word_1_92' title='bbox 250 931 338 969; x_wconf 88' lang='lat' dir='ltr'>tare</span> <span class='ocrx_word' id='word_1_93' title='bbox 384 927 427 966; x_wconf 86' lang='lat' dir='ltr'>et</span> <span class='ocrx_word' id='word_1_94' title='bbox 473 924 532 964; x_wconf 90' lang='lat' dir='ltr'>sic</span> <span class='ocrx_word' id='word_1_95' title='bbox 577 923 688 962; x_wconf 89' lang='lat' dir='ltr'>ultra</span> <span class='ocrx_word' id='word_1_96' title='bbox 734 918 995 960; x_wconf 80' lang='lat' dir='ltr'>delusionem</span> <span class='ocrx_word' id='word_1_97' title='bbox 1028 912 1253 954; x_wconf 78' lang='lat' dir='ltr'>maximam</span> <span class='ocrx_word' id='word_1_98' title='bbox 1301 922 1414 948; x_wconf 78' lang='lat' dir='ltr'>error</span> <span class='ocrx_word' id='word_1_99' title='bbox 1444 907 1685 947; x_wconf 65' lang='lat' dir='ltr'>norissimus</span> <span class='ocrx_word' id='word_1_100' title='bbox 1716 904 1821 956; x_wconf 75' lang='lat' dir='ltr'>foret</span> <span class='ocrx_word' id='word_1_101' title='bbox 1850 903 1969 957; x_wconf 79' lang='lat' dir='ltr'>peior</span> <span class='ocrx_word' id='word_1_102' title='bbox 1987 900 2039 941; x_wconf 87' lang='lat'>10</span> 
     </span>
     <span class='ocr_line' id='line_1_13' title="bbox 244 973 2216 1053; baseline -0.013 -18"><span class='ocrx_word' id='word_1_103' title='bbox 244 995 429 1053; x_wconf 59' lang='lat' dir='ltr'>prior-0¹).</span> <span class='ocrx_word' id='word_1_104' title='bbox 463 994 571 1034; x_wconf 90' lang='lat' dir='ltr'>Nam</span> <span class='ocrx_word' id='word_1_105' title='bbox 593 993 818 1045; x_wconf 78' lang='lat' dir='ltr'>postquam</span> <span class='ocrx_word' id='word_1_106' title='bbox 842 985 1135 1027; x_wconf 77' lang='lat' dir='ltr'>renunciatum</span> <span class='ocrx_word' id='word_1_107' title='bbox 1170 981 1319 1021; x_wconf 67' lang='lat' dir='ltr'>fnisset</span> <span class='ocrx_word' id='word_1_108' title='bbox 1352 992 1429 1032; x_wconf 87' lang='lat' dir='ltr'>per</span> <span class='ocrx_word' id='word_1_109' title='bbox 1461 977 1791 1030; x_wconf 87' lang='lat' dir='ltr'>procuratorem</span> <span class='ocrx_word' id='word_1_110' title='bbox 1824 973 1968 1025; x_wconf 83' lang='lat' dir='ltr'>unius,</span> <span class='ocrx_word' id='word_1_111' title='bbox 2211 1034 2216 1043; x_wconf 37' lang='grc'>1</span> 
     </span>
     <span class='ocr_line' id='line_1_14' title="bbox 250 1046 2216 1118; baseline -0.013 -12"><span class='ocrx_word' id='word_1_112' title='bbox 250 1078 459 1118; x_wconf 79' lang='lat' dir='ltr'>nusquam</span> <span class='ocrx_word' id='word_1_113' title='bbox 506 1062 566 1102; x_wconf 92' lang='lat' dir='ltr'>illi</span> <span class='ocrx_word' id='word_1_114' title='bbox 614 1059 793 1112; x_wconf 85' lang='lat' dir='ltr'>amplius</span> <span class='ocrx_word' id='word_1_115' title='bbox 840 1057 904 1097; x_wconf 86' lang='lat' dir='ltr'>ius</span> <span class='ocrx_word' id='word_1_116' title='bbox 951 1056 1134 1107; x_wconf 87' lang='lat' dir='ltr'>papatus</span> <span class='ocrx_word' id='word_1_117' title='bbox 1166 1051 1381 1105; x_wconf 84' lang='lat' dir='ltr'>pertinere.</span> <span class='ocrx_word' id='word_1_118' title='bbox 1416 1050 1491 1089; x_wconf 87' lang='lat' dir='ltr'>aut</span> <span class='ocrx_word' id='word_1_119' title='bbox 1524 1047 1773 1099; x_wconf 80' lang='lat' dir='ltr'>competere</span> <span class='ocrx_word' id='word_1_120' title='bbox 1806 1046 1968 1098; x_wconf 81' lang='lat' dir='ltr'>posset,</span> <span class='ocrx_word' id='word_1_121' title='bbox 2212 1052 2216 1095; x_wconf 65' lang='lat'><em>2</em></span> 
     </span>
     <span class='ocr_line' id='line_1_15' title="bbox 250 1116 1969 1178; baseline -0.012 -2"><span class='ocrx_word' id='word_1_122' title='bbox 250 1135 331 1175; x_wconf 89' lang='lat' dir='ltr'>nisi</span> <span class='ocrx_word' id='word_1_123' title='bbox 365 1135 415 1174; x_wconf 90' lang='lat' dir='ltr'>de</span> <span class='ocrx_word' id='word_1_124' title='bbox 446 1146 554 1173; x_wconf 86' lang='lat' dir='ltr'>novo</span> <span class='ocrx_word' id='word_1_125' title='bbox 588 1145 635 1171; x_wconf 83' lang='lat' dir='ltr'>ex</span> <span class='ocrx_word' id='word_1_126' title='bbox 668 1128 869 1170; x_wconf 89' lang='lat' dir='ltr'>canonico</span> <span class='ocrx_word' id='word_1_127' title='bbox 900 1137 1105 1178; x_wconf 76' lang='lat' dir='ltr'>processu</span> <span class='ocrx_word' id='word_1_128' title='bbox 1138 1123 1300 1174; x_wconf 85' lang='lat' dir='ltr'>pateret</span> <span class='ocrx_word' id='word_1_129' title='bbox 1336 1120 1482 1160; x_wconf 85' lang='lat' dir='ltr'>sedem</span> <span class='ocrx_word' id='word_1_130' title='bbox 1507 1116 1790 1171; x_wconf 85' lang='lat' dir='ltr'>apostolicam</span> <span class='ocrx_word' id='word_1_131' title='bbox 1814 1127 1969 1156; x_wconf 84' lang='lat' dir='ltr'>vacare</span> 
     </span>
    </p>

    <p class='ocr_par' dir='ltr' id='par_1_6' title="bbox 252 1189 1434 1256">
     <span class='ocr_line' id='line_1_16' title="bbox 252 1189 1434 1256; baseline -0.014 -11"><span class='ocrx_word' id='word_1_132' title='bbox 252 1206 294 1246; x_wconf 86' lang='lat' dir='ltr'>et</span> <span class='ocrx_word' id='word_1_133' title='bbox 323 1202 593 1256; x_wconf 88' lang='lat' dir='ltr'>postmodum</span> <span class='ocrx_word' id='word_1_134' title='bbox 624 1199 762 1251; x_wconf 87' lang='lat' dir='ltr'>ipsum</span> <span class='ocrx_word' id='word_1_135' title='bbox 794 1197 923 1237; x_wconf 84' lang='lat' dir='ltr'>fuisse</span> <span class='ocrx_word' id='word_1_136' title='bbox 955 1193 1157 1235; x_wconf 88' lang='lat' dir='ltr'>canonice</span> <span class='ocrx_word' id='word_1_137' title='bbox 1192 1189 1434 1243; x_wconf 75' lang='lat' dir='ltr'>electuin.&#39;—&#39;)</span> 
     </span>
    </p>

    <p class='ocr_par' dir='ltr' id='par_1_7' title="bbox 254 1254 2056 2862">
     <span class='ocr_line' id='line_1_17' title="bbox 368 1254 2040 1312; baseline -0.01 0"><span class='ocrx_word' id='word_1_138' title='bbox 368 1271 555 1312; x_wconf 88' lang='lat' dir='ltr'>Ulterius</span> <span class='ocrx_word' id='word_1_139' title='bbox 587 1269 621 1310; x_wconf 90' lang='lat' dir='ltr'>si</span> <span class='ocrx_word' id='word_1_140' title='bbox 652 1268 898 1309; x_wconf 86' lang='lat' dir='ltr'>ostendatur</span> <span class='ocrx_word' id='word_1_141' title='bbox 940 1265 976 1305; x_wconf 86' lang='lat' dir='ltr'>ei</span> <span class='ocrx_word' id='word_1_142' title='bbox 1017 1264 1185 1304; x_wconf 84' lang='lat' dir='ltr'>racione</span> <span class='ocrx_word' id='word_1_143' title='bbox 1228 1273 1340 1312; x_wconf 68' lang='lat' dir='ltr'>vera⁷</span> <span class='ocrx_word' id='word_1_144' title='bbox 1388 1259 1502 1312; x_wconf 86' lang='lat' dir='ltr'>quod</span> <span class='ocrx_word' id='word_1_145' title='bbox 1536 1257 1838 1299; x_wconf 71' lang='lat' dir='ltr'>conveniendo</span> <span class='ocrx_word' id='word_1_146' title='bbox 1871 1254 2040 1297; x_wconf 85' lang='lat' dir='ltr'>cum15</span> 
     </span>
     <span class='ocr_line' id='line_1_18' title="bbox 256 1326 1971 1386; baseline -0.009 -3"><span class='ocrx_word' id='word_1_147' title='bbox 256 1342 367 1383; x_wconf 91' lang='lat' dir='ltr'>dicto</span> <span class='ocrx_word' id='word_1_148' title='bbox 397 1339 629 1381; x_wconf 82' lang='lat' dir='ltr'>Benedicto</span> <span class='ocrx_word' id='word_1_149' title='bbox 660 1337 825 1378; x_wconf 83' lang='lat' dir='ltr'>facilius</span> <span class='ocrx_word' id='word_1_150' title='bbox 857 1338 897 1376; x_wconf 84' lang='lat' dir='ltr'>et</span> <span class='ocrx_word' id='word_1_151' title='bbox 935 1333 1065 1386; x_wconf 79' lang='lat' dir='ltr'>magis·</span> <span class='ocrx_word' id='word_1_152' title='bbox 1097 1332 1337 1373; x_wconf 86' lang='lat' dir='ltr'>indubitate</span> <span class='ocrx_word' id='word_1_153' title='bbox 1370 1344 1470 1371; x_wconf 73' lang='lat' dir='ltr'>vera</span> <span class='ocrx_word' id='word_1_154' title='bbox 1504 1329 1660 1370; x_wconf 84' lang='lat' dir='ltr'>debeat</span> <span class='ocrx_word' id='word_1_155' title='bbox 1693 1326 1798 1368; x_wconf 91' lang='lat' dir='ltr'>unio</span> <span class='ocrx_word' id='word_1_156' title='bbox 1831 1326 1971 1380; x_wconf 84' lang='lat' dir='ltr'>sequi,</span> 
     </span>
     <span class='ocr_line' id='line_1_19' title="bbox 254 1397 1972 1464; baseline -0.008 -12"><span class='ocrx_word' id='word_1_157' title='bbox 254 1413 426 1464; x_wconf 88' lang='lat' dir='ltr'>paratus</span> <span class='ocrx_word' id='word_1_158' title='bbox 458 1411 522 1450; x_wconf 87' lang='lat' dir='ltr'>est</span> <span class='ocrx_word' id='word_1_159' title='bbox 554 1422 647 1449; x_wconf 90' lang='lat' dir='ltr'>cum</span> <span class='ocrx_word' id='word_1_160' title='bbox 680 1420 729 1448; x_wconf 90' lang='lat' dir='ltr'>eo</span> <span class='ocrx_word' id='word_1_161' title='bbox 752 1406 978 1447; x_wconf 75' lang='lat' dir='ltr'>convenire</span> <span class='ocrx_word' id='word_1_162' title='bbox 1009 1405 1051 1444; x_wconf 90' lang='lat' dir='ltr'>in</span> <span class='ocrx_word' id='word_1_163' title='bbox 1074 1402 1274 1444; x_wconf 76' lang='lat' dir='ltr'>omnibus</span> <span class='ocrx_word' id='word_1_164' title='bbox 1298 1401 1414 1446; x_wconf 70' lang='lat' dir='ltr'>locis,</span> <span class='ocrx_word' id='word_1_165' title='bbox 1448 1400 1501 1441; x_wconf 88' lang='lat' dir='ltr'>ad</span> <span class='ocrx_word' id='word_1_166' title='bbox 1525 1413 1611 1453; x_wconf 87' lang='lat' dir='ltr'>que</span> <span class='ocrx_word' id='word_1_167' title='bbox 1636 1400 1725 1439; x_wconf 92' lang='lat' dir='ltr'>tute</span> <span class='ocrx_word' id='word_1_168' title='bbox 1748 1397 1972 1449; x_wconf 81' lang='lat' dir='ltr'>accedere,</span> 
     </span>
     <span class='ocr_line' id='line_1_20' title="bbox 255 1467 1973 1525; baseline -0.008 -4"><span class='ocrx_word' id='word_1_169' title='bbox 255 1482 367 1521; x_wconf 89' lang='lat' dir='ltr'>stare</span> <span class='ocrx_word' id='word_1_170' title='bbox 400 1481 441 1519; x_wconf 88' lang='lat' dir='ltr'>et</span> <span class='ocrx_word' id='word_1_171' title='bbox 472 1479 666 1518; x_wconf 87' lang='lat' dir='ltr'>recedere</span> <span class='ocrx_word' id='word_1_172' title='bbox 698 1477 837 1517; x_wconf 76' lang='lat' dir='ltr'>valeat</span> <span class='ocrx_word' id='word_1_173' title='bbox 884 1477 925 1515; x_wconf 92' lang='lat' dir='ltr'>et</span> <span class='ocrx_word' id='word_1_174' title='bbox 957 1474 1130 1515; x_wconf 86' lang='lat' dir='ltr'>comode</span> <span class='ocrx_word' id='word_1_175' title='bbox 1164 1475 1294 1525; x_wconf 86' lang='lat' dir='ltr'>atque</span> <span class='ocrx_word' id='word_1_176' title='bbox 1328 1485 1450 1524; x_wconf 78' lang='lat' dir='ltr'>eque,</span> <span class='ocrx_word' id='word_1_177' title='bbox 1500 1470 1667 1510; x_wconf 84' lang='lat' dir='ltr'>attenta</span> <span class='ocrx_word' id='word_1_178' title='bbox 1701 1468 1847 1510; x_wconf 85' lang='lat' dir='ltr'>divine</span> <span class='ocrx_word' id='word_1_179' title='bbox 1880 1467 1973 1520; x_wconf 77' lang='lat' dir='ltr'>dig-</span> 
     </span>
     <span class='ocr_line' id='line_1_21' title="bbox 256 1537 1974 1598; baseline -0.006 -9"><span class='ocrx_word' id='word_1_180' title='bbox 256 1548 400 1590; x_wconf 86' lang='lat' dir='ltr'>nitatis</span> <span class='ocrx_word' id='word_1_181' title='bbox 430 1547 720 1597; x_wconf 79' lang='lat' dir='ltr'>veneracione,</span> <span class='ocrx_word' id='word_1_182' title='bbox 768 1559 895 1598; x_wconf 86' lang='lat' dir='ltr'>quam</span> <span class='ocrx_word' id='word_1_183' title='bbox 940 1544 1143 1597; x_wconf 72' lang='lat' dir='ltr'>possidet,</span> <span class='ocrx_word' id='word_1_184' title='bbox 1191 1544 1230 1583; x_wconf 89' lang='lat' dir='ltr'>et</span> <span class='ocrx_word' id='word_1_185' title='bbox 1264 1542 1322 1583; x_wconf 85' lang='lat' dir='ltr'>ibi</span> <span class='ocrx_word' id='word_1_186' title='bbox 1354 1543 1446 1582; x_wconf 90' lang='lat' dir='ltr'>tute</span> <span class='ocrx_word' id='word_1_187' title='bbox 1480 1543 1523 1582; x_wconf 89' lang='lat' dir='ltr'>et</span> <span class='ocrx_word' id='word_1_188' title='bbox 1556 1539 1692 1581; x_wconf 89' lang='lat' dir='ltr'>libere</span> <span class='ocrx_word' id='word_1_189' title='bbox 1726 1539 1779 1580; x_wconf 89' lang='lat' dir='ltr'>de</span> <span class='ocrx_word' id='word_1_190' title='bbox 1813 1537 1974 1579; x_wconf 88' lang='lat' dir='ltr'>unione</span> 
     </span>
     <span class='ocr_line' id='line_1_22' title="bbox 254 1608 2046 1672; baseline -0.007 -13"><span class='ocrx_word' id='word_1_191' title='bbox 254 1617 399 1672; x_wconf 91' lang='lat' dir='ltr'>populi</span> <span class='ocrx_word' id='word_1_192' title='bbox 422 1617 635 1657; x_wconf 88' lang='lat' dir='ltr'>christiani</span> <span class='ocrx_word' id='word_1_193' title='bbox 657 1617 841 1656; x_wconf 83' lang='lat' dir='ltr'>tractare</span> <span class='ocrx_word' id='word_1_194' title='bbox 873 1616 915 1655; x_wconf 90' lang='lat' dir='ltr'>ct</span> <span class='ocrx_word' id='word_1_195' title='bbox 948 1613 1116 1655; x_wconf 89' lang='lat' dir='ltr'>domino</span> <span class='ocrx_word' id='word_1_196' title='bbox 1142 1613 1323 1654; x_wconf 74' lang='lat' dir='ltr'>faciente</span> <span class='ocrx_word' id='word_1_197' title='bbox 1347 1613 1482 1665; x_wconf 83' lang='lat' dir='ltr'>ipsam</span> <span class='ocrx_word' id='word_1_198' title='bbox 1506 1610 1714 1664; x_wconf 85' lang='lat' dir='ltr'>prosequi</span> <span class='ocrx_word' id='word_1_199' title='bbox 1738 1611 1781 1650; x_wconf 88' lang='lat' dir='ltr'>et</span> <span class='ocrx_word' id='word_1_200' title='bbox 1803 1608 1974 1662; x_wconf 87' lang='lat' dir='ltr'>exequi.</span> <span class='ocrx_word' id='word_1_201' title='bbox 1990 1608 2046 1647; x_wconf 79' lang='lat'>20</span> 
     </span>
     <span class='ocr_line' id='line_1_23' title="bbox 256 1681 1975 1735; baseline -0.005 -7"><span class='ocrx_word' id='word_1_202' title='bbox 256 1689 453 1728; x_wconf 86' lang='lat' dir='ltr'>Preterea</span> <span class='ocrx_word' id='word_1_203' title='bbox 483 1688 530 1726; x_wconf 87' lang='lat' dir='ltr'>ut</span> <span class='ocrx_word' id='word_1_204' title='bbox 561 1685 768 1726; x_wconf 86' lang='lat' dir='ltr'>cerciores</span> <span class='ocrx_word' id='word_1_205' title='bbox 801 1685 957 1726; x_wconf 74' lang='lat' dir='ltr'>efficiat</span> <span class='ocrx_word' id='word_1_206' title='bbox 990 1686 1075 1724; x_wconf 87' lang='lat' dir='ltr'>tam</span> <span class='ocrx_word' id='word_1_207' title='bbox 1109 1682 1458 1735; x_wconf 84' lang='lat' dir='ltr'>prenominatum</span> <span class='ocrx_word' id='word_1_208' title='bbox 1507 1681 1794 1722; x_wconf 82' lang='lat' dir='ltr'>Benedictum</span> <span class='ocrx_word' id='word_1_209' title='bbox 1843 1692 1975 1733; x_wconf 88' lang='lat' dir='ltr'>quam</span> 
     </span>
     <span class='ocr_line' id='line_1_24' title="bbox 257 1750 1977 1806; baseline -0.004 -9"><span class='ocrx_word' id='word_1_210' title='bbox 257 1759 418 1798; x_wconf 89' lang='lat' dir='ltr'>ceteros</span> <span class='ocrx_word' id='word_1_211' title='bbox 450 1755 719 1806; x_wconf 83' lang='lat' dir='ltr'>christianos,</span> <span class='ocrx_word' id='word_1_212' title='bbox 767 1756 801 1795; x_wconf 86' lang='lat' dir='ltr'>si</span> <span class='ocrx_word' id='word_1_213' title='bbox 834 1754 1088 1795; x_wconf 67' lang='lat' dir='ltr'>ostendatur</span> <span class='ocrx_word' id='word_1_214' title='bbox 1120 1753 1157 1794; x_wconf 90' lang='lat' dir='ltr'>ei</span> <span class='ocrx_word' id='word_1_215' title='bbox 1192 1754 1269 1794; x_wconf 87' lang='lat' dir='ltr'>etc.</span> <span class='ocrx_word' id='word_1_216' title='bbox 1312 1756 1359 1793; x_wconf 92' lang='lat' dir='ltr'>nt</span> <span class='ocrx_word' id='word_1_217' title='bbox 1392 1751 1594 1805; x_wconf 77' lang='lat' dir='ltr'>superius</span> <span class='ocrx_word' id='word_1_218' title='bbox 1627 1750 1747 1802; x_wconf 85' lang='lat' dir='ltr'>(lixit,</span> <span class='ocrx_word' id='word_1_219' title='bbox 1795 1751 1977 1804; x_wconf 83' lang='lat' dir='ltr'>paratus</span> 
     </span>
     <span class='ocr_line' id='line_1_25' title="bbox 257 1820 1978 1878; baseline -0.002 -12"><span class='ocrx_word' id='word_1_220' title='bbox 257 1828 319 1866; x_wconf 89' lang='lat' dir='ltr'>est</span> <span class='ocrx_word' id='word_1_221' title='bbox 350 1838 443 1866; x_wconf 91' lang='lat' dir='ltr'>cum</span> <span class='ocrx_word' id='word_1_222' title='bbox 461 1825 694 1866; x_wconf 84' lang='lat' dir='ltr'>Benedicto</span> <span class='ocrx_word' id='word_1_223' title='bbox 716 1825 909 1878; x_wconf 86' lang='lat' dir='ltr'>predicto</span> <span class='ocrx_word' id='word_1_224' title='bbox 942 1825 1007 1865; x_wconf 76' lang='lat' dir='ltr'>vel</span> <span class='ocrx_word' id='word_1_225' title='bbox 1031 1837 1290 1876; x_wconf 81' lang='lat' dir='ltr'>quocunque</span> <span class='ocrx_word' id='word_1_226' title='bbox 1314 1837 1391 1864; x_wconf 75' lang='lat' dir='ltr'>suo</span> <span class='ocrx_word' id='word_1_227' title='bbox 1415 1836 1665 1863; x_wconf 73' lang='lat' dir='ltr'>successore</span> <span class='ocrx_word' id='word_1_228' title='bbox 1698 1823 1773 1863; x_wconf 89' lang='lat' dir='ltr'>aut</span> <span class='ocrx_word' id='word_1_229' title='bbox 1797 1820 1978 1874; x_wconf 86' lang='lat' dir='ltr'>collegio</span> 
     </span>
     <span class='ocr_line' id='line_1_26' title="bbox 257 1893 1978 1948; baseline -0.002 -12"><span class='ocrx_word' id='word_1_230' title='bbox 257 1909 331 1936; x_wconf 89' lang='lat' dir='ltr'>suo</span> <span class='ocrx_word' id='word_1_231' title='bbox 361 1897 562 1948; x_wconf 83' lang='lat' dir='ltr'>pretenso</span> <span class='ocrx_word' id='word_1_232' title='bbox 595 1896 659 1936; x_wconf 84' lang='lat' dir='ltr'>vel</span> <span class='ocrx_word' id='word_1_233' title='bbox 682 1895 939 1936; x_wconf 89' lang='lat' dir='ltr'>successoris</span> <span class='ocrx_word' id='word_1_234' title='bbox 969 1895 1033 1935; x_wconf 89' lang='lat' dir='ltr'>sui</span> <span class='ocrx_word' id='word_1_235' title='bbox 1057 1894 1343 1948; x_wconf 78' lang='lat' dir='ltr'>personaliter</span> <span class='ocrx_word' id='word_1_236' title='bbox 1366 1894 1597 1934; x_wconf 72' lang='lat' dir='ltr'>convenire</span> <span class='ocrx_word' id='word_1_237' title='bbox 1623 1893 1666 1933; x_wconf 94' lang='lat' dir='ltr'>in</span> <span class='ocrx_word' id='word_1_238' title='bbox 1694 1893 1787 1933; x_wconf 84' lang='lat' dir='ltr'>loco</span> <span class='ocrx_word' id='word_1_239' title='bbox 1811 1904 1978 1939; x_wconf 83' lang='lat' dir='ltr'>securo,</span> 
     </span>
     <span class='ocr_line' id='line_1_27' title="bbox 258 1962 2048 2017; baseline -0.003 -11"><span class='ocrx_word' id='word_1_240' title='bbox 258 1965 422 2006; x_wconf 86' lang='lat' dir='ltr'>decenti</span> <span class='ocrx_word' id='word_1_241' title='bbox 454 1967 496 2005; x_wconf 91' lang='lat' dir='ltr'>et</span> <span class='ocrx_word' id='word_1_242' title='bbox 527 1966 713 2017; x_wconf 68' lang='lat' dir='ltr'>ydoneo,</span> <span class='ocrx_word' id='word_1_243' title='bbox 747 1968 789 2006; x_wconf 87' lang='lat' dir='ltr'>et</span> <span class='ocrx_word' id='word_1_244' title='bbox 820 1964 1024 2005; x_wconf 74' lang='lat' dir='ltr'>ordinatis</span> <span class='ocrx_word' id='word_1_245' title='bbox 1057 1964 1287 2005; x_wconf 73' lang='lat' dir='ltr'>efficaciter</span> <span class='ocrx_word' id='word_1_246' title='bbox 1320 1964 1415 2015; x_wconf 77' lang='lat' dir='ltr'>hiis,</span> <span class='ocrx_word' id='word_1_247' title='bbox 1449 1977 1534 2017; x_wconf 81' lang='lat' dir='ltr'>qne</span> <span class='ocrx_word' id='word_1_248' title='bbox 1566 1964 1784 2016; x_wconf 87' lang='lat' dir='ltr'>oportuna</span> <span class='ocrx_word' id='word_1_249' title='bbox 1816 1963 1980 2004; x_wconf 84' lang='lat' dir='ltr'>suerint</span> <span class='ocrx_word' id='word_1_250' title='bbox 1994 1962 2048 2001; x_wconf 79' lang='lat'>25</span> 
     </span>
     <span class='ocr_line' id='line_1_28' title="bbox 258 2033 1980 2087; baseline -0.001 -12"><span class='ocrx_word' id='word_1_251' title='bbox 258 2035 309 2075; x_wconf 90' lang='lat' dir='ltr'>ad</span> <span class='ocrx_word' id='word_1_252' title='bbox 327 2034 521 2075; x_wconf 81' lang='lat' dir='ltr'>effectum</span> <span class='ocrx_word' id='word_1_253' title='bbox 537 2048 634 2075; x_wconf 81' lang='lat' dir='ltr'>vere</span> <span class='ocrx_word' id='word_1_254' title='bbox 666 2036 837 2076; x_wconf 86' lang='lat' dir='ltr'>unionis</span> <span class='ocrx_word' id='word_1_255' title='bbox 870 2037 910 2075; x_wconf 84' lang='lat' dir='ltr'>et</span> <span class='ocrx_word' id='word_1_256' title='bbox 941 2035 1059 2087; x_wconf 82' lang='lat' dir='ltr'>pacis</span> <span class='ocrx_word' id='word_1_257' title='bbox 1078 2035 1297 2075; x_wconf 74' lang='lat' dir='ltr'>christiani</span> <span class='ocrx_word' id='word_1_258' title='bbox 1333 2035 1484 2087; x_wconf 88' lang='lat' dir='ltr'>populi</span> <span class='ocrx_word' id='word_1_259' title='bbox 1518 2036 1559 2075; x_wconf 81' lang='lat' dir='ltr'>et</span> <span class='ocrx_word' id='word_1_260' title='bbox 1593 2033 1980 2087; x_wconf 86' lang='lat' dir='ltr'>reintegracionem</span> 
     </span>
     <span class='ocr_line' id='line_1_29' title="bbox 260 2103 1981 2158; baseline 0.001 -15"><span class='ocrx_word' id='word_1_261' title='bbox 260 2106 301 2144; x_wconf 86' lang='lat' dir='ltr'>et</span> <span class='ocrx_word' id='word_1_262' title='bbox 332 2103 529 2144; x_wconf 89' lang='lat' dir='ltr'>unionem</span> <span class='ocrx_word' id='word_1_263' title='bbox 561 2105 710 2146; x_wconf 90' lang='lat' dir='ltr'>eodem</span> <span class='ocrx_word' id='word_1_264' title='bbox 727 2105 1260 2158; x_wconf 72' lang='lat' dir='ltr'>Benedictopersonaliter</span> <span class='ocrx_word' id='word_1_265' title='bbox 1277 2105 1575 2150; x_wconf 74' lang='lat' dir='ltr'>conveniente,</span> <span class='ocrx_word' id='word_1_266' title='bbox 1610 2105 1869 2146; x_wconf 84' lang='lat' dir='ltr'>renunciare</span> <span class='ocrx_word' id='word_1_267' title='bbox 1901 2117 1981 2145; x_wconf 91' lang='lat' dir='ltr'>suo</span> 
     </span>
     <span class='ocr_line' id='line_1_30' title="bbox 258 2173 1982 2228; baseline 0.001 -15"><span class='ocrx_word' id='word_1_268' title='bbox 258 2187 357 2214; x_wconf 77' lang='lat' dir='ltr'>vero</span> <span class='ocrx_word' id='word_1_269' title='bbox 388 2173 468 2214; x_wconf 91' lang='lat' dir='ltr'>iuri</span> <span class='ocrx_word' id='word_1_270' title='bbox 499 2176 679 2226; x_wconf 87' lang='lat' dir='ltr'>papatus</span> <span class='ocrx_word' id='word_1_271' title='bbox 712 2177 752 2215; x_wconf 91' lang='lat' dir='ltr'>et</span> <span class='ocrx_word' id='word_1_272' title='bbox 784 2176 961 2228; x_wconf 89' lang='lat' dir='ltr'>papatui</span> <span class='ocrx_word' id='word_1_273' title='bbox 1009 2178 1049 2216; x_wconf 88' lang='lat' dir='ltr'>et</span> <span class='ocrx_word' id='word_1_274' title='bbox 1090 2175 1170 2228; x_wconf 79' lang='lat' dir='ltr'>ipsi</span> <span class='ocrx_word' id='word_1_275' title='bbox 1204 2190 1252 2216; x_wconf 90' lang='lat' dir='ltr'>ac</span> <span class='ocrx_word' id='word_1_276' title='bbox 1285 2175 1392 2228; x_wconf 84' lang='lat' dir='ltr'>ipsis</span> <span class='ocrx_word' id='word_1_277' title='bbox 1425 2176 1578 2217; x_wconf 89' lang='lat' dir='ltr'>cedere</span> <span class='ocrx_word' id='word_1_278' title='bbox 1611 2188 1721 2227; x_wconf 88' lang='lat' dir='ltr'>pure</span> <span class='ocrx_word' id='word_1_279' title='bbox 1754 2177 1797 2216; x_wconf 93' lang='lat' dir='ltr'>et</span> <span class='ocrx_word' id='word_1_280' title='bbox 1830 2174 1982 2226; x_wconf 88' lang='lat' dir='ltr'>libere,</span> 
     </span>
     <span class='ocr_line' id='line_1_31' title="bbox 258 2243 1983 2299; baseline 0.002 -17"><span class='ocrx_word' id='word_1_281' title='bbox 258 2243 449 2295; x_wconf 88' lang='lat' dir='ltr'>predicto</span> <span class='ocrx_word' id='word_1_282' title='bbox 471 2243 700 2285; x_wconf 88' lang='lat' dir='ltr'>Benedicto</span> <span class='ocrx_word' id='word_1_283' title='bbox 723 2246 917 2286; x_wconf 88' lang='lat' dir='ltr'>similiter</span> <span class='ocrx_word' id='word_1_284' title='bbox 939 2247 1116 2286; x_wconf 87' lang='lat' dir='ltr'>cedente</span> <span class='ocrx_word' id='word_1_285' title='bbox 1151 2247 1193 2286; x_wconf 88' lang='lat' dir='ltr'>et</span> <span class='ocrx_word' id='word_1_286' title='bbox 1226 2245 1510 2287; x_wconf 79' lang='lat' dir='ltr'>renunciante</span> <span class='ocrx_word' id='word_1_287' title='bbox 1532 2246 1753 2299; x_wconf 82' lang='lat' dir='ltr'>pretensis</span> <span class='ocrx_word' id='word_1_288' title='bbox 1784 2245 1869 2286; x_wconf 92' lang='lat' dir='ltr'>iuri</span> <span class='ocrx_word' id='word_1_289' title='bbox 1903 2258 1983 2287; x_wconf 86' lang='lat' dir='ltr'>suo</span> 
     </span>
     <span class='ocr_line' id='line_1_32' title="bbox 257 2314 2054 2366; baseline 0.001 -14"><span class='ocrx_word' id='word_1_290' title='bbox 257 2314 439 2364; x_wconf 89' lang='lat' dir='ltr'>papatus</span> <span class='ocrx_word' id='word_1_291' title='bbox 462 2314 504 2354; x_wconf 92' lang='lat' dir='ltr'>et</span> <span class='ocrx_word' id='word_1_292' title='bbox 524 2315 713 2366; x_wconf 88' lang='lat' dir='ltr'>papatui.</span> <span class='ocrx_word' id='word_1_293' title='bbox 746 2315 949 2356; x_wconf 72' lang='lat' dir='ltr'>Similiter</span> <span class='ocrx_word' id='word_1_294' title='bbox 982 2318 1024 2357; x_wconf 91' lang='lat' dir='ltr'>et</span> <span class='ocrx_word' id='word_1_295' title='bbox 1056 2317 1206 2357; x_wconf 81' lang='lat' dir='ltr'>eodem</span> <span class='ocrx_word' id='word_1_296' title='bbox 1240 2317 1368 2357; x_wconf 86' lang='lat' dir='ltr'>modo</span> <span class='ocrx_word' id='word_1_297' title='bbox 1393 2318 1610 2358; x_wconf 86' lang='lat' dir='ltr'>facturum</span> <span class='ocrx_word' id='word_1_298' title='bbox 1644 2330 1690 2357; x_wconf 84' lang='lat' dir='ltr'>se</span> <span class='ocrx_word' id='word_1_299' title='bbox 1722 2316 1851 2357; x_wconf 80' lang='lat' dir='ltr'>offert</span> <span class='ocrx_word' id='word_1_300' title='bbox 1884 2329 1984 2357; x_wconf 88' lang='lat' dir='ltr'>cum</span> <span class='ocrx_word' id='word_1_301' title='bbox 1999 2315 2054 2356; x_wconf 88' lang='lat'>30</span> 
     </span>
     <span class='ocr_line' id='line_1_33' title="bbox 259 2384 1985 2440; baseline 0.002 -18"><span class='ocrx_word' id='word_1_302' title='bbox 259 2394 497 2423; x_wconf 88' lang='lat' dir='ltr'>successore</span> <span class='ocrx_word' id='word_1_303' title='bbox 519 2384 708 2424; x_wconf 87' lang='lat' dir='ltr'>eiusdem</span> <span class='ocrx_word' id='word_1_304' title='bbox 740 2387 781 2425; x_wconf 91' lang='lat' dir='ltr'>et</span> <span class='ocrx_word' id='word_1_305' title='bbox 803 2384 998 2426; x_wconf 87' lang='lat' dir='ltr'>similiter</span> <span class='ocrx_word' id='word_1_306' title='bbox 1022 2399 1116 2426; x_wconf 86' lang='lat' dir='ltr'>cum</span> <span class='ocrx_word' id='word_1_307' title='bbox 1139 2387 1385 2428; x_wconf 73' lang='lat' dir='ltr'>adversario</span> <span class='ocrx_word' id='word_1_308' title='bbox 1408 2387 1508 2437; x_wconf 78' lang='lat' dir='ltr'>alio,</span> <span class='ocrx_word' id='word_1_309' title='bbox 1541 2386 1708 2428; x_wconf 88' lang='lat' dir='ltr'>scilicet</span> <span class='ocrx_word' id='word_1_310' title='bbox 1732 2387 1985 2440; x_wconf 86' lang='lat' dir='ltr'>nuncupato</span> 
     </span>
     <span class='ocr_line' id='line_1_34' title="bbox 259 2451 1986 2511; baseline 0.003 -20"><span class='ocrx_word' id='word_1_311' title='bbox 259 2451 464 2502; x_wconf 86' lang='lat' dir='ltr'>Iohanne;</span> <span class='ocrx_word' id='word_1_312' title='bbox 512 2453 688 2507; x_wconf 83' lang='lat' dir='ltr'>insuper</span> <span class='ocrx_word' id='word_1_313' title='bbox 733 2467 881 2495; x_wconf 91' lang='lat' dir='ltr'>omnes</span> <span class='ocrx_word' id='word_1_314' title='bbox 914 2456 1019 2497; x_wconf 88' lang='lat' dir='ltr'>alios</span> <span class='ocrx_word' id='word_1_315' title='bbox 1052 2457 1200 2497; x_wconf 80' lang='lat' dir='ltr'>modos</span> <span class='ocrx_word' id='word_1_316' title='bbox 1235 2456 1533 2508; x_wconf 79' lang='lat' dir='ltr'>racionabiles,</span> <span class='ocrx_word' id='word_1_317' title='bbox 1582 2459 1797 2511; x_wconf 86' lang='lat' dir='ltr'>quantum</span> <span class='ocrx_word' id='word_1_318' title='bbox 1845 2457 1889 2498; x_wconf 91' lang='lat' dir='ltr'>in</span> <span class='ocrx_word' id='word_1_319' title='bbox 1933 2470 1986 2497; x_wconf 89' lang='lat' dir='ltr'>eo</span> 
     </span>
     <span class='ocr_line' id='line_1_35' title="bbox 260 2521 1988 2581; baseline 0.004 -20"><span class='ocrx_word' id='word_1_320' title='bbox 260 2521 352 2572; x_wconf 86' lang='lat' dir='ltr'>erit,</span> <span class='ocrx_word' id='word_1_321' title='bbox 395 2535 558 2563; x_wconf 84' lang='lat' dir='ltr'>servare</span> <span class='ocrx_word' id='word_1_322' title='bbox 591 2524 634 2563; x_wconf 88' lang='lat' dir='ltr'>et</span> <span class='ocrx_word' id='word_1_323' title='bbox 664 2523 833 2565; x_wconf 80' lang='lat' dir='ltr'>effectui</span> <span class='ocrx_word' id='word_1_324' title='bbox 866 2527 1082 2570; x_wconf 69' lang='lat' dir='ltr'>mandare</span> <span class='ocrx_word' id='word_1_325' title='bbox 1130 2541 1239 2580; x_wconf 86' lang='lat' dir='ltr'>qnos</span> <span class='ocrx_word' id='word_1_326' title='bbox 1271 2527 1502 2580; x_wconf 73' lang='lat' dir='ltr'>congnovit</span> <span class='ocrx_word' id='word_1_327' title='bbox 1533 2527 1748 2581; x_wconf 85' lang='lat' dir='ltr'>proficere</span> <span class='ocrx_word' id='word_1_328' title='bbox 1781 2540 1912 2581; x_wconf 90' lang='lat' dir='ltr'>posse</span> <span class='ocrx_word' id='word_1_329' title='bbox 1945 2528 1988 2568; x_wconf 90' lang='lat' dir='ltr'>et</span> 
     </span>
     <span class='ocr_line' id='line_1_36' title="bbox 261 2589 1985 2648; baseline 0.005 -18"><span class='ocrx_word' id='word_1_330' title='bbox 261 2589 538 2632; x_wconf 81' lang='lat' dir='ltr'>effectualiter</span> <span class='ocrx_word' id='word_1_331' title='bbox 569 2593 815 2645; x_wconf 85' lang='lat' dir='ltr'>profuturos</span> <span class='ocrx_word' id='word_1_332' title='bbox 855 2596 908 2637; x_wconf 87' lang='lat' dir='ltr'>ad</span> <span class='ocrx_word' id='word_1_333' title='bbox 954 2609 1133 2648; x_wconf 84' lang='lat' dir='ltr'>sacram,</span> <span class='ocrx_word' id='word_1_334' title='bbox 1188 2611 1331 2639; x_wconf 85' lang='lat' dir='ltr'>veram</span> <span class='ocrx_word' id='word_1_335' title='bbox 1379 2600 1422 2638; x_wconf 88' lang='lat' dir='ltr'>et</span> <span class='ocrx_word' id='word_1_336' title='bbox 1453 2597 1745 2640; x_wconf 85' lang='lat' dir='ltr'>indubitatam</span> <span class='ocrx_word' id='word_1_337' title='bbox 1778 2598 1985 2640; x_wconf 87' lang='lat' dir='ltr'>unionem</span> 
     </span>
     <span class='ocr_line' id='line_1_37' title="bbox 261 2660 2056 2717; baseline 0.006 -18"><span class='ocrx_word' id='word_1_338' title='bbox 261 2661 303 2700; x_wconf 88' lang='lat' dir='ltr'>et</span> <span class='ocrx_word' id='word_1_339' title='bbox 333 2660 713 2713; x_wconf 85' lang='lat' dir='ltr'>reintegracionem</span> <span class='ocrx_word' id='word_1_340' title='bbox 745 2666 892 2717; x_wconf 90' lang='lat' dir='ltr'>populi</span> <span class='ocrx_word' id='word_1_341' title='bbox 925 2667 966 2706; x_wconf 85' lang='lat' dir='ltr'>et</span> <span class='ocrx_word' id='word_1_342' title='bbox 998 2667 1331 2709; x_wconf 87' lang='lat' dir='ltr'>christianorum</span> <span class='ocrx_word' id='word_1_343' title='bbox 1374 2669 1441 2709; x_wconf 91' lang='lat' dir='ltr'>vel</span> <span class='ocrx_word' id='word_1_344' title='bbox 1475 2668 1557 2710; x_wconf 91' lang='lat' dir='ltr'>sibi</span> <span class='ocrx_word' id='word_1_345' title='bbox 1588 2668 1703 2710; x_wconf 85' lang='lat' dir='ltr'>veris</span> <span class='ocrx_word' id='word_1_346' title='bbox 1736 2667 1987 2710; x_wconf 87' lang='lat' dir='ltr'>racionibus</span> <span class='ocrx_word' id='word_1_347' title='bbox 2002 2667 2056 2710; x_wconf 90' lang='lat'>35</span> 
     </span>
     <span class='ocr_line' id='line_1_38' title="bbox 261 2728 1988 2792; baseline 0.008 -24"><span class='ocrx_word' id='word_1_348' title='bbox 261 2728 502 2780; x_wconf 89' lang='lat' dir='ltr'>profuturos</span> <span class='ocrx_word' id='word_1_349' title='bbox 534 2731 812 2775; x_wconf 82' lang='lat' dir='ltr'>effectualiter</span> <span class='ocrx_word' id='word_1_350' title='bbox 844 2735 970 2776; x_wconf 86' lang='lat' dir='ltr'>suerit</span> <span class='ocrx_word' id='word_1_351' title='bbox 1002 2738 1269 2792; x_wconf 63' lang='lat' dir='ltr'>ostensumss)</span> <span class='ocrx_word' id='word_1_352' title='bbox 1300 2738 1511 2790; x_wconf 86' lang='lat' dir='ltr'>predicte,</span> <span class='ocrx_word' id='word_1_353' title='bbox 1542 2752 1658 2791; x_wconf 85' lang='lat' dir='ltr'>vere,</span> <span class='ocrx_word' id='word_1_354' title='bbox 1691 2752 1814 2780; x_wconf 87' lang='lat' dir='ltr'>sacre</span> <span class='ocrx_word' id='word_1_355' title='bbox 1845 2740 1889 2780; x_wconf 87' lang='lat' dir='ltr'>et</span> <span class='ocrx_word' id='word_1_356' title='bbox 1920 2737 1988 2780; x_wconf 88' lang='lat' dir='ltr'>in-</span> 
     </span>
     <span class='ocr_line' id='line_1_39' title="bbox 266 2797 1990 2862; baseline 0.009 -26"><span class='ocrx_word' id='word_1_357' title='bbox 266 2797 456 2839; x_wconf 87' lang='lat' dir='ltr'>dubitate</span> <span class='ocrx_word' id='word_1_358' title='bbox 488 2800 634 2842; x_wconf 90' lang='lat' dir='ltr'>unioni</span> <span class='ocrx_word' id='word_1_359' title='bbox 667 2805 708 2844; x_wconf 92' lang='lat' dir='ltr'>et</span> <span class='ocrx_word' id='word_1_360' title='bbox 739 2804 1082 2858; x_wconf 81' lang='lat' dir='ltr'>reintegracioni.</span> <span class='ocrx_word' id='word_1_361' title='bbox 1144 2808 1200 2848; x_wconf 83' lang='lat' dir='ltr'>Et</span> <span class='ocrx_word' id='word_1_362' title='bbox 1231 2821 1285 2849; x_wconf 91' lang='lat' dir='ltr'>ne</span> <span class='ocrx_word' id='word_1_363' title='bbox 1318 2808 1533 2861; x_wconf 82' lang='lat' dir='ltr'>credatur,</span> <span class='ocrx_word' id='word_1_364' title='bbox 1567 2810 1686 2862; x_wconf 88' lang='lat' dir='ltr'>quod</span> <span class='ocrx_word' id='word_1_365' title='bbox 1716 2810 1799 2851; x_wconf 88' lang='lat' dir='ltr'>hec</span> <span class='ocrx_word' id='word_1_366' title='bbox 1831 2807 1990 2851; x_wconf 85' lang='lat' dir='ltr'>dixerit</span> 
     </span>
    </p>
   </div>
   <div class='ocr_carea' id='block_1_6' title="bbox 377 2911 2062 3096">
    <p class='ocr_par' dir='ltr' id='par_1_8' title="bbox 377 2911 2062 3096">
     <span class='ocr_line' id='line_1_40' title="bbox 377 2911 1247 2964; baseline 0.014 -27"><span class='ocrx_word' id='word_1_367' title='bbox 377 2911 405 2945; x_wconf 83' lang='lat' dir='ltr'>a)</span> <span class='ocrx_word' id='word_1_368' title='bbox 426 2913 502 2939; x_wconf 81' lang='lat' dir='ltr'>Hier</span> <span class='ocrx_word' id='word_1_369' title='bbox 519 2914 595 2946; x_wconf 77' lang='lat' dir='ltr'>fehlt</span> <span class='ocrx_word' id='word_1_370' title='bbox 615 2916 662 2943; x_wconf 77' lang='lat' dir='ltr'>(lie</span> <span class='ocrx_word' id='word_1_371' title='bbox 682 2919 898 2952; x_wconf 73' lang='lat' dir='ltr'>Konjunktion</span> <span class='ocrx_word' id='word_1_372' title='bbox 917 2921 943 2948; x_wconf 82' lang='lat' dir='ltr'>si</span> <span class='ocrx_word' id='word_1_373' title='bbox 965 2922 1041 2948; x_wconf 80' lang='lat' dir='ltr'>oder</span> <span class='ocrx_word' id='word_1_374' title='bbox 1060 2921 1228 2949; x_wconf 72' lang='lat' dir='ltr'>c&#39;ilmlichea.</span> <span class='ocrx_word' id='word_1_375' title='bbox 1241 2958 1247 2964; x_wconf 48' lang='grc'><em>.</em></span> 
     </span>
     <span class='ocr_line' id='line_1_41' title="bbox 382 2982 813 3032; baseline 0.023 -19"><span class='ocrx_word' id='word_1_376' title='bbox 382 2982 407 3025; x_wconf 83' lang='lat'>¹)</span> <span class='ocrx_word' id='word_1_377' title='bbox 434 2982 622 3019; x_wconf 74' lang='lat' dir='ltr'>Matthaeus</span> <span class='ocrx_word' id='word_1_378' title='bbox 645 2986 690 3020; x_wconf 82' lang='grc'>27</span> <span class='ocrx_word' id='word_1_379' title='bbox 713 3000 734 3032; x_wconf 70' lang='lat' dir='ltr'>gl</span> <span class='ocrx_word' id='word_1_380' title='bbox 759 2990 813 3023; x_wconf 64' lang='lat'>621.</span> 
     </span>
     <span class='ocr_line' id='line_1_42' title="bbox 380 3039 2062 3096; baseline 0.014 -23"><span class='ocrx_word' id='word_1_381' title='bbox 380 3039 407 3083; x_wconf 77' lang='lat'>2)</span> <span class='ocrx_word' id='word_1_382' title='bbox 434 3039 561 3077; x_wconf 74' lang='lat' dir='ltr'>Soweit</span> <span class='ocrx_word' id='word_1_383' title='bbox 582 3044 633 3079; x_wconf 74' lang='lat' dir='ltr'>die</span> <span class='ocrx_word' id='word_1_384' title='bbox 658 3049 942 3094; x_wconf 60' lang='lat' dir='ltr'>ursprih&#39;nyliclaeen</span> <span class='ocrx_word' id='word_1_385' title='bbox 967 3050 1059 3084; x_wconf 90' lang='lat' dir='ltr'>modi</span> <span class='ocrx_word' id='word_1_386' title='bbox 1084 3051 1230 3096; x_wconf 74' lang='lat' dir='ltr'>auffol.</span> <span class='ocrx_word' id='word_1_387' title='bbox 1258 3051 1324 3086; x_wconf 88' lang='lat'>115</span> <span class='ocrx_word' id='word_1_388' title='bbox 1351 3065 1398 3087; x_wconf 79' lang='lat' dir='ltr'>ss.</span> <span class='ocrx_word' id='word_1_389' title='bbox 2002 3043 2062 3087; x_wconf 65' lang='lat'>40</span> 
     </span>
    </p>
   </div>
   <div class='ocr_carea' id='block_1_7' title="bbox 2087 2590 2216 3432">
    <p class='ocr_par' dir='ltr' id='par_1_9' title="bbox 2087 2590 2216 3432">
     <span class='ocr_line' id='line_1_43' title="bbox 2087 2590 2216 3432; baseline 0 0"><span class='ocrx_word' id='word_1_390' title='bbox 2087 2590 2216 3432; x_wconf 95' lang='lat' dir='ltr'> </span> 
     </span>
    </p>
   </div>
  </div>
 </body>
</html>
