2216 3432
0 0 39 54 F,
57 0 151 27 ,μή
182 0 199 7 -,

503 164 540 202 c,
567 163 764 206 Malatesta‚
790 163 926 209 Gregor
949 163 1032 201 x11.
1059 163 1132 198 und
1159 163 1336 198 Benedikt
1361 163 1462 198 x111.
1491 165 1737 201 1410-1413.
1956 154 2012 196 53

346 273 402 316 Et
433 271 471 314 si
489 272 756 328 opponatur,
789 271 912 326 quod
934 271 1108 326 prelati,
1132 271 1209 326 qui
1231 270 1534 314 interfuerunt
1558 271 1832 327 Perpiniani,
1857 273 2014 330 Pisisfl)

227 346 271 388 et
302 343 348 386 in
380 342 556 387 civitate
587 341 817 399 Austrieb)
848 343 1074 396 Foroiulii‚
1123 356 1213 386 non
1261 343 1427 385 debent
1474 342 1611 396 recipi
1644 343 1852 399 eisdem0)
1899 344 2011 387 raci-

227 415 406 469 onibus,
438 416 574 470 plana
607 416 674 457 est
705 415 956 470 responsio,
997 415 1146 458 Primo
1170 428 1365 469 namque
1387 415 1641 457 volentibus
1663 415 1877 458 iudicium
1897 417 2012 459 ferre

226 488 273 530 in
305 487 535 530 meliorem
557 486 787 540 opinatum
809 499 970 540 magna
993 487 1130 529 debet
1153 485 1412 528 differencia
1435 486 1579 528 notari
1602 487 1720 529 inter
1742 488 2014 543 principales

186 561 273 603 5et
303 561 619 615 procuratores
653 557 827 601 dicente
860 558 1062 601 domino:
1126 557 1280 599 Pastor
1310 557 1436 599 bonus
1469 558 1543 599 dat
1574 559 1759 612 animam
1791 574 1910 599 suam
1934 574 2016 615 pro

227 629 364 673 ovibus
403 632 505 682 Suis,
552 631 837 671 mercenarius
883 637 1016 672 autem
1048 637 1085 672 et
1116 632 1236 671 'euius
1266 644 1348 671 non
1379 636 1476 670 sunt
1507 644 1595 671 oves
1618 632 1802 686 proprie,
1836 646 1926 671 cum
1956 633 2015 672 ri-

226 701 334 756 detd)
371 703 510 758 lupum
555 703 788 753 venientem,
825 701 959 758 βαρεῖ.
1023 700 1184 743 Deinde
1230 703 1336 742 venit
1380 702 1500 757 lupus
1540 708 1577 743 et
1606 703 1721 757 rapit
1750 709 1788 743 et
1818 702 2019 758 disperyit

227 789 327 817 ovea.
397 774 684 815 Mera-enarius
717 780 851 815 autem
883 773 1006 829 fuyit,
1051 775 1151 829 qaia
1180 775 1462 815 mercenarius
1508 780 1565 815 est
1596 781 1634 815 et
1663 788 1745 815 non
1776 781 1930 829 spectat
1961 774 2018 814 acl

225 861 317 888 eum
348 846 397 887 cle
429 845 584 886 ovibus.
598 845 634 900 1)
666 846 875 887 Secunda
898 846 1016 888 racio
1035 847 1116 898 est,
1139 845 1391 888 volentibus
1415 847 1538 899 gesta
1561 847 1603 887 et
1626 845 1838 900 precipue
1863 846 2014 899 Pisisss)

158 918 270 961 10in
306 918 533 960 meliorem
556 916 842 972 interpretari
865 919 1041 972 partem
1064 917 1216 972 opinio
1239 917 1493 959 verisimilis
1517 918 1674 959 adesse
1698 919 1860 971 potest,
1895 918 2015 972 quod

226 1003 414 1044 magnus
446 990 567 1031 zelus
600 989 780 1031 unionis
813 989 1107 1043 plurimorum
1132 989 1357 1031 mentibus
1381 991 1602 1044 oportuna
1635 989 1832 1032 caritatis
1866 989 2014 1043 specie

225 1075 272 1104 se
304 1061 548 1116 ingerebat.
623 1061 752 1103 Unde
785 1060 1030 1103 occasionis
1063 1061 1179 1103 vires
1213 1062 1427 1115 expetens
1470 1061 1641 1116 anyelus
1674 1060 1846 1102 sathane
1878 1068 2015 1101 trans-

226 1134 423 1186 formavit
453 1147 494 1174 se
525 1134 570 1173 in
602 1133 793 1188 anyelum
826 1132 975 1188 lucifl)
1007 1135 1143 1187 atque
1176 1133 1348 1186 velude)
1384 1147 1409 1175 a
1441 1132 1664 1187 principio
1688 1133 1878 1174 sciencie
1911 1132 2015 1175 mali

225 1204 457 1248 oblacione
508 1204 614 1246 boni
662 1204 936 1259 sapienciam
982 1205 1171 1260 perdere
1219 1204 1324 1247 fecit
1356 1205 1536 1247 avidum
1568 1205 1738 1246 sciendi
1773 1204 2013 1256 hominem,

158 1280 208 1321 15
225 1277 287 1319 sic
319 1289 439 1319 nunc
487 1276 639 1319 avidos
687 1274 911 1332 incautas)
942 1277 1174 1331 voluptate
1209 1276 1388 1318 unionis
1421 1276 1467 1318 in
1499 1276 1722 1318 triscisma
1754 1276 1876 1318 novit
1909 1277 2014 1318 sub-

228 1361 428 1402 mergere
477 1351 522 1390 at
569 1361 674 1390 vero
721 1348 909 1391 instanti
943 1349 1248 1402 oportunitate
1281 1348 1609 1403 experienciam
1642 1349 1915 1390 credendum
1949 1349 2015 1390 est

225 1421 467 1463 multorum
500 1420 798 1462 columbinam
832 1420 1164 1475 simplicitatem
1198 1422 1467 1462 mutaturam
1515 1420 1561 1462 in
1611 1421 1872 1474 serpentum
1905 1433 2013 1474 pru-

225 1491 439 1535 denciam.

344 1564 508 1605 Verum
544 1577 597 1605 ex
629 1562 715 1605 alia
747 1563 912 1604 iterum
945 1576 1093 1615 causa,
1143 1564 1180 1605 si
1214 1565 1270 1606 ad
1302 1564 1456 1618 inepta
1489 1565 1534 1606 et
1566 1563 1735 1606 utinam
1769 1577 1858 1607 non
1892 1564 2012 1605 coin-

155 1634 426 1679 ·ZOcidencia
470 1633 773 1688 inspicimusg)
823 1636 1102 1688 argumenta:
1151 1649 1310 1688 magna
1358 1635 1615 1678 differencia
1662 1636 1731 1678 est
1769 1635 2011 1690 appetendi

225 1706 438 1748 unionem
486 1708 529 1747 et
577 1705 640 1748 illi
674 1705 954 1748 conferencia
985 1699 1405 1749 volendi'effectum
1437 1709 1639 1760 prestare
1670 1708 1786 1749 inter
1817 1708 2012 1762 prelatos

225 1779 268 1820 et
300 1779 624 1831 procuratores
676 1778 789 1820 Nam
823 1777 1023 1832 plurimis
1057 1779 1330 1832 prelatorum
1364 1777 1649 1834 opulenciah)
1680 1779 2011 1834 prebendarum

225 1848 374 1891 deficit
406 1850 589 1904 propter
623 1849 785 1891 scisma
818 1851 861 1891 et
893 1850 1077 1892 collecte
1100 1850 1319 1903 augentur
1342 1848 1793 1906 inextimabiliaque‘)
1826 1863 2012 1892 onerum

224 1934 402 1975 genera,
449 1921 818 1975 procuratoribus
853 1935 955 1963 vero
987 1921 1269 1976 provisiones
1302 1922 1346 1964 et
1378 1922 1515 1975 lucra,
1555 1935 1636 1964 nec
1670 1923 1857 1964 miretur
1891 1921 2012 1976 quis-

154 1995 208 2036 25
225 2005 360 2047 quam
391 1993 472 2034 hec
505 1992 589 2034 dici
623 1993 751 2047 quasi
785 1993 840 2035 ab
873 1993 1197 2047 ignorantibus,
1239 1994 1459 2048 quantum
1491 1985 1667 2035 intersit
1699 1994 1817 2035 inter
1849 2007 2011 2048 procu-

224 2067 412 2117 ratores,
461 2064 674 2118 quoniam
708 2066 751 2106 et
784 2064 859 2106 alii
893 2065 983 2107 sint
1015 2078 1204 2119 esseque
1235 2065 1424 2119 possint,
1474 2066 1550 2120 qui
1585 2066 1685 2107 lites
1719 2066 1900 2120 agitent,
1934 2064 2012 2107 alii

224 2136 387 2188 autem,
421 2135 499 2190 qui
517 2135 700 2190 negocia
716 2135 1032 2190 principalium
1050 2135 1242 2192 adhuck)
1258 2136 1304 2178 in
1322 2136 1518 2190 pacificis
1538 2138 1580 2178 et
1604 2150 1693 2179 non
1716 2136 2011 2180 contenciosis

223 2220 329 2261 sepe
361 2208 529 2261 gerant.
594 2208 673 2250 Set
704 2208 1028 2250 attendendum
1062 2210 1130 2249 est
1143 2206 1186 2263 ¹),
1220 2209 1352 2262 quod,
1385 2210 1434 2250 ut
1465 2209 1723 2263 plurimum,
1773 2209 1859 2262 ipsi
1891 2209 2012 2250 idem

222 2279 450 2332 tamquam
472 2279 612 2332 magis
634 2279 795 2333 ydonei
828 2281 871 2321 et
903 2280 1110 2322 instructi
1133 2279 1357 2334 eliguntur
1380 2281 1437 2322 ad
1459 2294 1613 2333 unum,
1647 2281 1724 2334 qui
1743 2280 2011 2333 eligerentur

153 2352 208 2393 30
223 2351 279 2392 ad
313 2349 548 2404 reliquum.
614 2351 671 2392 Et
703 2350 1100 2406 circumspiciatur,
1146 2353 1369 2406 quantum
1403 2351 1580 2394 differre
1614 2352 1748 2393 debet
1779 2351 1895 2393 inter
1928 2366 2006 2406 pa-

223 2423 366 2463 stores
398 2423 442 2463 et
474 2435 606 2464 canes
639 2421 876 2476 palatinas,
926 2420 1024 2477 que'
1062 2437 1114 2465 ex
1162 2423 1430 2465 laniatarum
1463 2423 1612 2465 ovium
1644 2423 1890 2465 visceribus
1924 2423 2009 2464 sibi

222 2493 437 2546 pabulum
468 2493 710 2535 vendicant
741 2496 785 2535 et
816 2494 1053 2536 vendicare
1086 2497 1283 2548 sperant,
1316 2496 1503 2548 propter
1526 2495 1658 2548 quod,
1694 2495 1800 2549 quia
1813 2496 1861 2550 ¹¹¹)
1895 2496 2010 2537 trac-

221 2564 344 2606 tatur
376 2564 430 2606 de
463 2564 653 2607 maximo
684 2565 803 2607 bono
837 2567 988 2607 sancte
1021 2566 1175 2608 matris
1208 2565 1410 2613 ecclesie,
1442 2566 1489 2607 in
1521 2566 1645 2608 cuius
1668 2568 1861 2608 tractatu
1886 2579 2009 2620 mag-

223 2648 330 2676 num
361 2637 524 2690 potest,
574 2636 694 2690 quod
732 2637 1014 2690 omnipotens
1048 2638 1167 2679 Deus
1201 2637 1269 2679 sui
1302 2637 1609 2679 misericordia
1643 2638 1849 2691 dignetur
1883 2651 2008 2679 aver-

153 2708 207 2750 35
223 2707 332 2759 tere,
379 2706 629 2760 periculum
660 2718 907 2761 occurrere,
957 2710 1001 2750 et
1032 2708 1108 2750 ubi
1141 2708 1285 2751 maius
1320 2710 1387 2750 est
1419 2708 1683 2762 periculum,
1733 2709 1794 2751 ibi
1828 2707 2007 2750 caucius

341 2895 372 2930 a)
392 2895 488 2930 Pysis
509 2896 538 2923 0.
610 2895 643 2930 b)
664 2895 801 2923 Austria
820 2897 849 2925 Ο.
924 2897 953 2932 c)
974 2896 1116 2925 hiisdem
1136 2900 1173 2926 B.
1247 2898 1279 2933 d)
1300 2898 1423 2926 viderit
1445 2899 1474 2926 C‘.
1537 2900 1565 2932 e)
1588 2899 1613 2926 0
1629 2877 1703 2933 7⁰²2!st
1725 2899 1757 2925 et
1777 2898 1884 2925 hintes·
1905 2897 2004 2925 velud

221 2943 328 2970 hinzu.
401 2942 424 2976 f)
462 2942 496 2970 in
516 2943 610 2970 tauta
638 2944 676 2970 Β.
748 2944 780 2979 g)
819 2944 1064 2980 conspiciamus
1092 2946 1121 2974 Ο.
1195 2946 1226 2980 11)
1247 2946 1361 2981 oppul.
1382 2947 1418 2973 Β.
1510 2946 1532 2981 1)
1560 2945 1837 2973 inexistimabilia
1857 2946 1957 2981 atquo
1979 2946 2007 2972 C‘.

221 2989 254 3024 k)
275 2989 363 3018 Fehlt
383 2991 414 3018 0.
485 2990 510 3026 l)
532 2991 619 3019 Fehlt
639 2992 669 3019 Ο.
741 2992 785 3027 m)
806 2992 894 3020 Fehlt
915 2994 945 3021 C'.

343 3063 368 3111 ¹)
393 3062 572 3118 «Iohannes
600 3062 646 3098 10
671 3075 690 3098 c·
717 3063 773 3100 13.
897 3066 927 3111 ²)
954 3066 1001 3101 II.
1033 3067 1114 3106 Cor.
1141 3067 1184 3102 11
1212 3067 1237 3101 d
1261 3067 1317 3103 14.

15 3244 17 3251 >
0 2955 39 3182 ive-:oens
9 2924 15 2933 Υ
6 2895 12 2899 ·
7 2817 18 2838 -
