2216 3432
480 188 522 224 B.
548 188 692 224 Johann
716 187 854 223 XXIII.
880 187 955 223 und
980 187 1067 223 Karl
1093 187 1281 223 Malatesta
1300 165 1499 235 >1410‘und
1528 189 1630 224 1411.
1669 187 1730 225 Nr.
1757 189 1790 223 4.
1972 178 2028 221 27

243 297 654 352 unamquamquea)
691 297 863 350 partem
905 308 1172 350 cognoscere
1212 308 1340 338 suam
1377 296 1421 337 et
1457 294 1638 339 omnino
1679 294 1726 338 in
1758 296 1834 338 illa
1866 297 2028 340 contir-

241 370 412 412 matum
444 381 554 411 esse.
611 369 855 422 Propterea
868 364 907 424 b)
939 365 1044 421 quia
1077 366 1340 409 divisionem
1374 367 1471 409 tolli
1504 366 1717 421 queritur,
1761 368 1873 410 illud
1906 370 2028 412 aufe-

242 441 426 483 rendam
474 441 559 492 est,
593 439 711 494 quod
766 438 1155 491 dissensionem0),
1204 437 1455 481 animorum
1497 440 1564 480 est
1605 437 1810 494 aptumd)
1850 453 2028 495 augere,

241 525 331 555 non
363 511 474 554 illud
516 510 893 566 suscitandume).
938 510 1057 564 quod
1099 510 1290 564 augendi
1325 522 1458 552 causa
1499 510 1559 552 sit
1591 509 1892 553 dissensiones
1933 512 2028 554 ani-

199 585 425 633 5morum,
458 580 589 636 nous)
623 582 868 625 auferendi.
923 582 979 623 Et
1012 580 1129 623 circa
1161 582 1245 623 hoc
1278 582 1600 624 attendendum
1634 582 1762 637 estss),
1795 584 1917 636 quod
1949 598 2028 638 per

238 653 353 696 viam
386 653 516 696 istam
548 654 690 696 multa
722 655 906 707 possent
938 652 1305 695 inconveniencia
1337 652 1478 707 sequi.

358 726 508 768 Primo
547 727 815 779 augerentur
854 722 1207 779 pareialitatesh)
1250 725 1297 766 in
1336 724 1577 775 mentibus,
1627 727 1676 767 ut
1719 725 1886 768 dictum
1935 729 2025 779 est3

238 810 341 839 nam
382 797 510 839 valde
551 796 719 848 differt,
767 797 885 850 quod
928 795 1103 838 divisim
1135 796 1205 838 vel
1250 795 1497 838 comuniter
1539 795 1912 854 congregarenv).
1980 798 2025 840 Si

238 868 356 910 enim
388 866 681 922 comuniterk)
714 868 860 910 vocati
894 868 1125 917 accedunt,
1161 867 1360 909 videntes
1393 866 1664 922 principales
1698 868 1743 909 in
1776 869 1873 918 hoc,
1906 869 2027 923 quod

116 986 118 989 ,
170 939 658 994 lOprincipalissimum
707 941 794 990 est,
843 939 1086 981 concordes
1134 952 1254 988 esse,
1302 940 1632 993 quodammodo
1681 939 1783 993 equi
1832 938 2027 996 animo¹)

236 1010 412 1054 unionis
445 1012 570 1066 signo
602 1010 848 1054 confortati
872 1009 1107 1052 unanimes
1141 1010 1409 1063 procedent3
1443 1010 1600 1052 discoli
1633 1024 1735 1053 vero
1766 1014 2026 1054 conterren-

235 1083 383 1138 turm),
417 1097 506 1125 non
538 1082 742 1125 videntes
775 1096 906 1137 posse
938 1081 1201 1138 zizaniamn)
1234 1081 1327 1124 sine
1361 1082 1560 1136 periculo
1593 1082 1815 1125 seminare
1849 1085 1892 1125 et
1925 1084 2025 1125 abs-

237 1167 322 1209 que
355 1154 590 1196 manifesta
623 1155 739 1197 nota.
814 1153 950 1195 Cuius
983 1153 1240 1208 oppositum
1273 1153 1407 1202 foret,
1447 1154 1484 1195 si
1518 1154 1787 1209 principales
1822 1154 2025 1197 viderent

235 1225 398 1268 scissos
432 1226 579 1268 animo
621 1227 664 1267 et
697 1227 824 1279 aptos
863 1225 997 1267 nullis
1031 1238 1215 1279 parcere
1248 1226 1511 1267 muneribus
1546 1227 1761 1280 regnandi
1795 1239 1888 1280 spe.
1951 1227 2025 1268 In-

167 1299 218 1340 15
236 1310 371 1351 super
403 1297 614 1340 habilitas
646 1296 869 1339 tractandi
902 1299 946 1339 et
979 1309 1083 1351 spes
1116 1298 1289 1339 secreta
1321 1298 1527 1339 servandi
1562 1311 1697 1339 causa
1729 1297 1875 1339 forent
1908 1298 2026 1340 sedi-

234 1367 376 1412 ciosos
409 1368 548 1422 magis
581 1369 836 1411 accendere.

353 1440 563 1482 Ceterum
601 1453 682 1494 per
715 1440 1045 1493 experienciam
1069 1438 1342 1492 instruimur,
1377 1440 1511 1494 quod,
1545 1439 1582 1482 si
1616 1441 1739 1497 qui0)
1772 1441 2023 1483 comuniter

234 1525 260 1553 a
294 1512 468 1554 duobus
508 1513 579 1554 vel
618 1512 763 1557 tribus
807 1511 1083 1566 lItigantibus
1122 1513 1338 1554 vocantur
1381 1526 1517 1566 super
1560 1513 1851 1555 contencione
1892 1513 2024 1555 laturi

233 1582 465 1636 iudicium,
499 1597 866 1638 unumquemque
910 1583 1121 1636 pudebit,
1163 1582 1199 1624 si
1233 1583 1429 1625 cuiusvis
1463 1584 1684 1636 eorum1),
1722 1584 1797 1638 qui
1837 1599 2024 1627 vocave-

165 1657 220 1698 20
237 1657 356 1706 runt,
390 1656 749 1710 deprehendatur
787 1656 856 1696 ius
890 1655 1063 1707 ledere,
1103 1656 1153 1696 ut
1192 1655 1319 1696 alteri
1364 1656 1524 1698 faveat.
1596 1656 1789 1698 Econtra
1822 1669 1947 1708 vero,
1986 1656 2025 1698 si

234 1727 544 1781 unusquisque
578 1726 752 1768 divisim
784 1728 924 1777 vocet,
958 1726 1096 1778 illum,
1131 1726 1206 1780 qui
1241 1740 1294 1768 ex
1326 1729 1453 1780 parte
1488 1726 1620 1769 unius
1654 1729 1838 1770 vocatus
1871 1727 2022 1777 fuerit,

233 1798 434 1852 pudebit,
478 1799 516 1840 si
549 1812 638 1841 non
669 1800 850 1840 tueatur
894 1800 987 1840 toto
1031 1811 1164 1852 posse
1196 1798 1411 1840 honorem
1452 1800 1652 1841 vocantis
1695 1802 1740 1842 et
1773 1800 2022 1852 comodum,

234 1870 361 1922 dato,
412 1865 544 1924 quod'
578 1883 668 1911 non
706 1870 885 1924 plenam
932 1869 1143 1924 inspiciat
1191 1869 1339 1912 fovere
1379 1870 1615 1912 iusticiam.
1696 1872 1824 1913 Unde
1868 1873 2021 1925 aperte

231 1940 370 1983 videri
408 1942 580 1996 potest,
625 1943 839 1995 quantum
880 1941 1103 1998 differatv)
1151 1956 1176 1984 a
1219 1942 1393 1984 iusticie
1434 1942 1702 1985 rectitudine
1751 1944 1794 1984 et
1844 1943 2022 1984 unionis

161 2015 215 2056 25
232 2013 536 2066 oportunitate
571 2012 689 2055 inter
726 2013 940 2055 iudicium
977 2027 1155 2064 eorum,
1198 2014 1275 2067 qui
1309 2015 1365 2055 ad
1397 2013 1609 2056 iudicium
1642 2014 1878 2056 ferendum
1912 2028 2022 2056 una-

233 2084 376 2126 nimes
421 2085 664 2139 procedent
712 2087 755 2126 et
798 2085 1049 2127 comuniter
1087 2085 1231 2127 vocati
1272 2086 1519 2128 comuniter
1559 2086 1781 2128 iusticiam
1819 2085 2021 2140 parcium

234 2156 279 2197 et
312 2157 592 2199 commodum
628 2170 805 2198 servare
848 2157 1191 2211 proposuerint,
1235 2159 1278 2199 et
1319 2158 1437 2200 inter
1476 2172 1628 2200 eorum
1670 2157 1904 2210 iudicium,
1944 2158 2021 2212 qui

232 2226 407 2269 divisim
448 2228 592 2270 vocati
635 2228 858 2283 privatum
901 2228 1102 2271 vocantis
1141 2230 1422 2271 commodum
1456 2230 1645 2272 aliorum
1688 2230 1876 2272 comodo
1919 2243 2021 2284 pre·
2068 2275 2070 2277 ,

231 2299 347 2342 ferre
381 2298 588 2354 dispositi
621 2301 677 2342 ad
709 2301 945 2343 ferendum
977 2300 1189 2343 iudicium
1224 2301 1505 2344 accesserint.

162 2362 218 2405 30
353 2371 431 2413 Est
462 2371 650 2414 tercium
682 2371 1023 2424 inconveniens,
1067 2373 1206 2426 quod,
1255 2373 1292 2414 si
1327 2373 1562 2415 concilium
1607 2373 1778 2427 aliquid
1826 2372 2019 2415 iudicare

230 2442 447 2498 sancietq)
486 2456 622 2497 super
672 2457 737 2494 ea,
779 2458 866 2498 que
910 2458 935 2486 a
974 2443 1179 2497 partibus
1213 2446 1336 2498 gesta
1369 2447 1412 2486 et
1444 2446 1770 2501 promulgata‘)
1823 2445 2019 2496 fuerunt,

229 2513 435 2567 expediet
468 2515 606 2557 testes
639 2515 825 2569 produci
838 2519 868 2568 1³)
903 2517 946 2557 et
969 2515 1224 2558 examinari.
1273 2517 1351 2558 Set
1383 2530 1485 2558 cum
1519 2517 1668 2559 nullus
1703 2516 1844 2570 possit
1867 2516 2018 2558 induci

228 2585 376 2637 testis,
416 2586 492 2639 qui
536 2600 626 2628 non
670 2587 727 2629 sit
768 2588 823 2629 de
857 2586 1006 2641 aliqua
1043 2588 1269 2642 parcium,
1308 2589 1345 2630 si
1387 2587 1591 2640 divisim,
1632 2590 1872 2642 antequam
1914 2601 2018 2630 con-

228 2656 429 2709 veniant,
462 2657 626 2700 fuerint
658 2658 929 2713 congregati,
961 2672 1066 2714 pars
1100 2659 1277 2713 quevis,
1311 2673 1398 2714 que
1432 2659 1608 2703 sciverit
1641 2675 1688 2703 se
1721 2659 1868 2702 minus
1901 2660 2018 2701 iuste

7 684 11 691 ⁶
0 590 9 638 [vn.
0 568 8 578 -<
0 516 8 560 vv
0 502 6 508 v

354 2834 384 2868 a)
406 2834 601 2869 replicatur,
633 2836 722 2870 qnod
756 2843 872 2863 verum
893 2836 953 2870 est,
974 2836 1063 2870 quod
1085 2836 1319 2871 unusquisque
1345 2838 1476 2872 partem
1511 2840 1693 2873 cognoscet
1722 2845 1815 2866 suam
1845 2840 1877 2865 et-
1906 2838 2015 2865 animo

225 2879 259 2908 in
278 2880 340 2908 illa
360 2881 574 2910 confirmatus
594 2883 655 2911 est.
676 2884 705 2911 Ο.
786 2883 816 2918 b)
837 2883 878 2911 Et
897 2884 1076 2918 propterea
1097 2885 1126 2912 Ο.
1201 2885 1230 2919 c)
1251 2885 1393 2913 discens.
1413 2887 1450 2913 B.
1531 2885 1563 2920 d)
1584 2887 1737 2921 apertum
1759 2887 1787 2914 Ο.
1862 2887 1889 2919 e)
1912 2886 2015 2914 sussi-

225 2927 362 2956 tandum
382 2930 420 2956 Β.
493 2929 520 2965 f)
541 2930 574 2958 et
593 2937 660 2958 non
681 2931 710 2958 0.
782 2931 815 2966 g)
835 2931 923 2959 Fehlt
944 2932 973 2959 Ο.
1052 2931 1085 2967 h)
1106 2932 1263 2967 Sinssular
1284 2934 1313 2961 O.
1392 2933 1415 2968 i)
1438 2935 1698 2969 congregaretur
1720 2935 1744 2962 Ο
1822 2934 1856 2967 k)
1878 2933 1965 2960 Fehlt
1987 2934 2015 2960 0.

225 2974 250 3010 l)
271 2975 445 3010 equamine
466 2977 496 3005 O.
610 2980 652 3011 m)
692 2979 973 3006 conterrebantur
994 2980 1022 3007 Ο.
1132 2980 1165 3015 n)
1187 2980 1310 3008 scisma
1330 2982 1359 3009 Ο.
1457 2982 1489 3016 0)
1509 2981 1597 3009 Fehlt
1620 2983 1649 3009 C'.
1748 2983 1780 3017 p)
1802 2981 1957 3014 differant
1978 2982 2015 3012 B.

225 3022 253 3057 r)
274 3023 421 3051 sanciret
442 3025 471 3052 0.
543 3025 568 3060 r)
589 3025 804 3061 privilegiata
823 3027 860 3054 Β.
951 3027 975 3060 S)
996 3027 1134 3062 perduci
1155 3029 1192 3055 B.

153 3093 212 3139 40
348 3096 374 3143 ¹)
398 3095 467 3131 Am
492 3096 618 3136 Rande
644 3098 739 3137 steht
768 3098 862 3137 Nota
888 3099 977 3139 bene
1003 3111 1071 3140 von
1095 3099 1162 3141 Job
1202 3099 1326 3142 Veners
1353 3100 1470 3142 Hand.

26 3247 35 3264 ,-
