<?xml version="1.0" encoding="UTF-8"?>
<!DOCTYPE html PUBLIC "-//W3C//DTD XHTML 1.0 Transitional//EN"
    "http://www.w3.org/TR/xhtml1/DTD/xhtml1-transitional.dtd">
<html xmlns="http://www.w3.org/1999/xhtml" xml:lang="en" lang="en">
 <head>
  <title>
</title>
<meta http-equiv="Content-Type" content="text/html;charset=utf-8" />
  <meta name='ocr-system' content='tesseract 3.04.00' />
  <meta name='ocr-capabilities' content='ocr_page ocr_carea ocr_par ocr_line ocrx_word'/>
</head>
<body>
  <div class='ocr_page' id='page_1' title='image "./actaconciliicons01counuoft_0392.png"; bbox 0 0 2216 3432; ppageno 0'>
   <div class='ocr_carea' id='block_1_1' title="bbox 250 167 1702 216">
    <p class='ocr_par' dir='ltr' id='par_1_1' title="bbox 250 167 1702 216">
     <span class='ocr_line' id='line_1_1' title="bbox 250 167 1702 216; baseline -0.003 -8"><span class='ocrx_word' id='word_1_1' title='bbox 250 167 333 208; x_wconf 89' lang='grc'>378</span> <span class='ocrx_word' id='word_1_2' title='bbox 571 173 632 207; x_wconf 88' lang='lat'>111.</span> <span class='ocrx_word' id='word_1_3' title='bbox 660 172 859 207; x_wconf 82' lang='lat' dir='ltr'>Abschnitt.</span> <span class='ocrx_word' id='word_1_4' title='bbox 911 170 1182 216; x_wconf 78' lang='lat' dir='ltr'>Vorgeschichte</span> <span class='ocrx_word' id='word_1_5' title='bbox 1207 169 1268 203; x_wconf 77' lang='lat' dir='ltr'>dos</span> <span class='ocrx_word' id='word_1_6' title='bbox 1295 170 1519 204; x_wconf 72' lang='lat' dir='ltr'>Konstanzer</span> <span class='ocrx_word' id='word_1_7' title='bbox 1543 168 1702 205; x_wconf 77' lang='lat' dir='ltr'>Konzils.</span> 
     </span>
    </p>
   </div>
   <div class='ocr_carea' id='block_1_2' title="bbox 248 275 2092 1534">
    <p class='ocr_par' dir='ltr' id='par_1_2' title="bbox 248 275 2092 1534">
     <span class='ocr_line' id='line_1_2' title="bbox 249 275 2053 336; baseline -0.004 -12"><span class='ocrx_word' id='word_1_8' title='bbox 249 284 336 325; x_wconf 85' lang='lat' dir='ltr'>dux</span> <span class='ocrx_word' id='word_1_9' title='bbox 367 281 637 336; x_wconf 87' lang='lat' dir='ltr'>Burgundie,</span> <span class='ocrx_word' id='word_1_10' title='bbox 679 279 798 321; x_wconf 84' lang='lat' dir='ltr'>rabie</span> <span class='ocrx_word' id='word_1_11' title='bbox 840 277 1003 319; x_wconf 85' lang='lat' dir='ltr'>invidie</span> <span class='ocrx_word' id='word_1_12' title='bbox 1037 278 1079 318; x_wconf 88' lang='lat' dir='ltr'>et</span> <span class='ocrx_word' id='word_1_13' title='bbox 1113 275 1374 318; x_wconf 84' lang='lat' dir='ltr'>ambicionis</span> <span class='ocrx_word' id='word_1_14' title='bbox 1416 275 1645 318; x_wconf 83' lang='lat' dir='ltr'>insaniens</span> <span class='ocrx_word' id='word_1_15' title='bbox 1682 287 1860 317; x_wconf 87' lang='lat' dir='ltr'>omnem</span> <span class='ocrx_word' id='word_1_16' title='bbox 1891 287 2016 330; x_wconf 77' lang='lat' dir='ltr'>pros-</span> <span class='ocrx_word' id='word_1_17' title='bbox 2051 307 2053 310; x_wconf 29' lang='lat'><strong>⁴</strong></span> 
     </span>
     <span class='ocr_line' id='line_1_3' title="bbox 248 344 2016 408; baseline -0.003 -14"><span class='ocrx_word' id='word_1_18' title='bbox 248 353 482 408; x_wconf 89' lang='lat' dir='ltr'>peritatem</span> <span class='ocrx_word' id='word_1_19' title='bbox 534 353 577 392; x_wconf 88' lang='lat' dir='ltr'>et</span> <span class='ocrx_word' id='word_1_20' title='bbox 629 349 993 403; x_wconf 76' lang='lat' dir='ltr'>tranquillitatem</span> <span class='ocrx_word' id='word_1_21' title='bbox 1048 348 1210 401; x_wconf 88' lang='lat' dir='ltr'>regiam</span> <span class='ocrx_word' id='word_1_22' title='bbox 1263 346 1414 400; x_wconf 88' lang='lat' dir='ltr'>reique</span> <span class='ocrx_word' id='word_1_23' title='bbox 1461 346 1637 400; x_wconf 90' lang='lat' dir='ltr'>publice</span> <span class='ocrx_word' id='word_1_24' title='bbox 1679 344 1802 399; x_wconf 87' lang='lat' dir='ltr'>regni</span> <span class='ocrx_word' id='word_1_25' title='bbox 1834 345 2016 388; x_wconf 86' lang='lat' dir='ltr'>Francie</span> 
     </span>
     <span class='ocr_line' id='line_1_4' title="bbox 250 416 2017 477; baseline -0.004 -12"><span class='ocrx_word' id='word_1_26' title='bbox 250 436 423 477; x_wconf 77' lang='lat' dir='ltr'>semper</span> <span class='ocrx_word' id='word_1_27' title='bbox 462 422 582 464; x_wconf 84' lang='lat' dir='ltr'>visus</span> <span class='ocrx_word' id='word_1_28' title='bbox 621 423 687 463; x_wconf 89' lang='lat' dir='ltr'>est</span> <span class='ocrx_word' id='word_1_29' title='bbox 719 418 1068 474; x_wconf 86' lang='lat' dir='ltr'>pertinacissime</span> <span class='ocrx_word' id='word_1_30' title='bbox 1102 417 1375 472; x_wconf 85' lang='lat' dir='ltr'>perturbare,</span> <span class='ocrx_word' id='word_1_31' title='bbox 1415 417 1581 471; x_wconf 87' lang='lat' dir='ltr'>quique</span> <span class='ocrx_word' id='word_1_32' title='bbox 1614 416 1837 470; x_wconf 89' lang='lat' dir='ltr'>quondam</span> <span class='ocrx_word' id='word_1_33' title='bbox 1870 416 2017 459; x_wconf 92' lang='lat' dir='ltr'>Ludo-</span> 
     </span>
     <span class='ocr_line' id='line_1_5' title="bbox 250 487 2018 541; baseline -0.003 -6"><span class='ocrx_word' id='word_1_34' title='bbox 250 493 393 535; x_wconf 88' lang='lat' dir='ltr'>vicum</span> <span class='ocrx_word' id='word_1_35' title='bbox 446 494 601 534; x_wconf 84' lang='lat' dir='ltr'>ducem</span> <span class='ocrx_word' id='word_1_36' title='bbox 651 491 1015 532; x_wconf 87' lang='lat' dir='ltr'>Aurelianensem</span> <span class='ocrx_word' id='word_1_37' title='bbox 1074 489 1251 530; x_wconf 84' lang='lat' dir='ltr'>fratrem</span> <span class='ocrx_word' id='word_1_38' title='bbox 1297 501 1427 530; x_wconf 89' lang='lat' dir='ltr'>suum</span> <span class='ocrx_word' id='word_1_39' title='bbox 1474 487 1667 539; x_wconf 86' lang='lat' dir='ltr'>unicum,</span> <span class='ocrx_word' id='word_1_40' title='bbox 1713 487 1931 541; x_wconf 88' lang='lat' dir='ltr'>optimum</span> <span class='ocrx_word' id='word_1_41' title='bbox 1973 488 2018 529; x_wconf 88' lang='lat' dir='ltr'>et</span> 
     </span>
     <span class='ocr_line' id='line_1_6' title="bbox 251 554 2059 613; baseline -0.004 -7"><span class='ocrx_word' id='word_1_42' title='bbox 251 563 602 607; x_wconf 86' lang='lat' dir='ltr'>amantissimum</span> <span class='ocrx_word' id='word_1_43' title='bbox 665 560 1006 603; x_wconf 75' lang='lat' dir='ltr'>sceleratissimo</span> <span class='ocrx_word' id='word_1_44' title='bbox 1065 559 1208 613; x_wconf 86' lang='lat' dir='ltr'>gladio</span> <span class='ocrx_word' id='word_1_45' title='bbox 1268 571 1349 612; x_wconf 90' lang='lat' dir='ltr'>per</span> <span class='ocrx_word' id='word_1_46' title='bbox 1405 558 1591 600; x_wconf 84' lang='lat' dir='ltr'>insidias</span> <span class='ocrx_word' id='word_1_47' title='bbox 1653 557 1840 600; x_wconf 85' lang='lat' dir='ltr'>interfici</span> <span class='ocrx_word' id='word_1_48' title='bbox 1902 554 2059 610; x_wconf 86' lang='lat' dir='ltr'>fecit‚5</span> 
     </span>
     <span class='ocr_line' id='line_1_7' title="bbox 250 628 2016 687; baseline -0.004 -10"><span class='ocrx_word' id='word_1_49' title='bbox 250 635 474 677; x_wconf 88' lang='lat' dir='ltr'>incautum</span> <span class='ocrx_word' id='word_1_50' title='bbox 522 633 739 687; x_wconf 81' lang='lat' dir='ltr'>siquidem</span> <span class='ocrx_word' id='word_1_51' title='bbox 788 635 829 673; x_wconf 76' lang='lat' dir='ltr'>et</span> <span class='ocrx_word' id='word_1_52' title='bbox 879 633 1090 673; x_wconf 85' lang='lat' dir='ltr'>inermem</span> <span class='ocrx_word' id='word_1_53' title='bbox 1139 643 1267 671; x_wconf 90' lang='lat' dir='ltr'>suum</span> <span class='ocrx_word' id='word_1_54' title='bbox 1320 628 1716 682; x_wconf 81' lang='lat' dir='ltr'>consanguineum,</span> <span class='ocrx_word' id='word_1_55' title='bbox 1763 642 2016 681; x_wconf 77' lang='lat' dir='ltr'>germanum</span> 
     </span>
     <span class='ocr_line' id='line_1_8' title="bbox 251 699 2019 755; baseline -0.003 -8"><span class='ocrx_word' id='word_1_56' title='bbox 251 719 394 755; x_wconf 80' lang='lat' dir='ltr'>suum,</span> <span class='ocrx_word' id='word_1_57' title='bbox 433 705 639 746; x_wconf 87' lang='lat' dir='ltr'>bellicum</span> <span class='ocrx_word' id='word_1_58' title='bbox 673 704 882 755; x_wconf 80' lang='lat' dir='ltr'>collegam</span> <span class='ocrx_word' id='word_1_59' title='bbox 917 715 1045 743; x_wconf 88' lang='lat' dir='ltr'>suum</span> <span class='ocrx_word' id='word_1_60' title='bbox 1079 700 1238 755; x_wconf 87' lang='lat' dir='ltr'>triplici</span> <span class='ocrx_word' id='word_1_61' title='bbox 1273 702 1316 742; x_wconf 88' lang='lat' dir='ltr'>et</span> <span class='ocrx_word' id='word_1_62' title='bbox 1349 701 1495 742; x_wconf 89' lang='lat' dir='ltr'>iurato</span> <span class='ocrx_word' id='word_1_63' title='bbox 1529 700 1677 743; x_wconf 86' lang='lat' dir='ltr'>federe</span> <span class='ocrx_word' id='word_1_64' title='bbox 1710 699 2019 754; x_wconf 69' lang='lat' dir='ltr'>colligatum‚⁸)</span> 
     </span>
     <span class='ocr_line' id='line_1_9' title="bbox 254 770 2019 829; baseline -0.003 -11"><span class='ocrx_word' id='word_1_65' title='bbox 254 778 301 818; x_wconf 89' lang='lat' dir='ltr'>ut</span> <span class='ocrx_word' id='word_1_66' title='bbox 349 789 523 818; x_wconf 91' lang='lat' dir='ltr'>omnem</span> <span class='ocrx_word' id='word_1_67' title='bbox 568 774 706 829; x_wconf 89' lang='lat' dir='ltr'>ipsius</span> <span class='ocrx_word' id='word_1_68' title='bbox 755 773 1016 827; x_wconf 77' lang='lat' dir='ltr'>potenciam.</span> <span class='ocrx_word' id='word_1_69' title='bbox 1065 773 1372 814; x_wconf 86' lang='lat' dir='ltr'>auctoritatem</span> <span class='ocrx_word' id='word_1_70' title='bbox 1417 774 1462 813; x_wconf 82' lang='lat' dir='ltr'>et</span> <span class='ocrx_word' id='word_1_71' title='bbox 1498 770 1869 825; x_wconf 80' lang='lat' dir='ltr'>gubernacionem</span> <span class='ocrx_word' id='word_1_72' title='bbox 1901 771 2019 824; x_wconf 89' lang='lat' dir='ltr'>apud</span> 
     </span>
     <span class='ocr_line' id='line_1_10' title="bbox 251 840 2018 901; baseline -0.003 -13"><span class='ocrx_word' id='word_1_73' title='bbox 251 847 395 901; x_wconf 88' lang='lat' dir='ltr'>ipsum</span> <span class='ocrx_word' id='word_1_74' title='bbox 430 859 574 899; x_wconf 87' lang='lat' dir='ltr'>regem</span> <span class='ocrx_word' id='word_1_75' title='bbox 608 847 651 886; x_wconf 90' lang='lat' dir='ltr'>et</span> <span class='ocrx_word' id='word_1_76' title='bbox 682 845 726 885; x_wconf 90' lang='lat' dir='ltr'>in</span> <span class='ocrx_word' id='word_1_77' title='bbox 758 857 888 897; x_wconf 83' lang='lat' dir='ltr'>regno</span> <span class='ocrx_word' id='word_1_78' title='bbox 914 843 1095 885; x_wconf 77' lang='lat' dir='ltr'>Francie</span> <span class='ocrx_word' id='word_1_79' title='bbox 1119 844 1342 895; x_wconf 86' lang='lat' dir='ltr'>tamquam</span> <span class='ocrx_word' id='word_1_80' title='bbox 1367 841 1667 896; x_wconf 86' lang='lat' dir='ltr'>nequissimus</span> <span class='ocrx_word' id='word_1_81' title='bbox 1691 841 1822 883; x_wconf 84' lang='lat' dir='ltr'>iudex</span> <span class='ocrx_word' id='word_1_82' title='bbox 1844 840 2018 883; x_wconf 87' lang='lat' dir='ltr'>invidus</span> 
     </span>
     <span class='ocr_line' id='line_1_11' title="bbox 252 907 2092 970; baseline -0.004 -13"><span class='ocrx_word' id='word_1_83' title='bbox 252 919 498 970; x_wconf 78' lang='lat' dir='ltr'>usurparet,</span> <span class='ocrx_word' id='word_1_84' title='bbox 552 915 703 969; x_wconf 85' lang='lat' dir='ltr'>sicque</span> <span class='ocrx_word' id='word_1_85' title='bbox 752 915 893 956; x_wconf 82' lang='lat' dir='ltr'>factus</span> <span class='ocrx_word' id='word_1_86' title='bbox 941 913 1155 967; x_wconf 89' lang='lat' dir='ltr'>parricida</span> <span class='ocrx_word' id='word_1_87' title='bbox 1204 926 1291 955; x_wconf 91' lang='lat' dir='ltr'>non</span> <span class='ocrx_word' id='word_1_88' title='bbox 1340 913 1516 955; x_wconf 83' lang='lat' dir='ltr'>erubuit</span> <span class='ocrx_word' id='word_1_89' title='bbox 1563 913 1732 955; x_wconf 85' lang='lat' dir='ltr'>scelera</span> <span class='ocrx_word' id='word_1_90' title='bbox 1779 911 2019 954; x_wconf 75' lang='lat' dir='ltr'>sceleribus</span> <span class='ocrx_word' id='word_1_91' title='bbox 2037 907 2092 950; x_wconf 91' lang='lat'>10</span> 
     </span>
     <span class='ocr_line' id='line_1_12' title="bbox 249 982 2020 1038; baseline -0.002 -10"><span class='ocrx_word' id='word_1_92' title='bbox 249 987 538 1033; x_wconf 78' lang='lat' dir='ltr'>accumulare,</span> <span class='ocrx_word' id='word_1_93' title='bbox 573 987 649 1027; x_wconf 80' lang='lat' dir='ltr'>sed</span> <span class='ocrx_word' id='word_1_94' title='bbox 684 986 820 1027; x_wconf 86' lang='lat' dir='ltr'>fretus</span> <span class='ocrx_word' id='word_1_95' title='bbox 854 985 1039 1027; x_wconf 80' lang='lat' dir='ltr'>maxime</span> <span class='ocrx_word' id='word_1_96' title='bbox 1073 984 1212 1026; x_wconf 88' lang='lat' dir='ltr'>turbis</span> <span class='ocrx_word' id='word_1_97' title='bbox 1245 986 1287 1025; x_wconf 89' lang='lat' dir='ltr'>et</span> <span class='ocrx_word' id='word_1_98' title='bbox 1320 984 1492 1026; x_wconf 84' lang='lat' dir='ltr'>auxiliis</span> <span class='ocrx_word' id='word_1_99' title='bbox 1526 983 1731 1038; x_wconf 86' lang='lat' dir='ltr'>ignobilis</span> <span class='ocrx_word' id='word_1_100' title='bbox 1763 986 1806 1026; x_wconf 91' lang='lat' dir='ltr'>et</span> <span class='ocrx_word' id='word_1_101' title='bbox 1838 982 2020 1036; x_wconf 87' lang='lat' dir='ltr'>ignomi-</span> 
     </span>
     <span class='ocr_line' id='line_1_13' title="bbox 253 1054 2021 1112; baseline -0.002 -13"><span class='ocrx_word' id='word_1_102' title='bbox 253 1057 363 1099; x_wconf 91' lang='lat' dir='ltr'>niosi</span> <span class='ocrx_word' id='word_1_103' title='bbox 409 1058 567 1112; x_wconf 74' lang='lat' dir='ltr'>volgi1)</span> <span class='ocrx_word' id='word_1_104' title='bbox 616 1057 846 1110; x_wconf 74' lang='lat' dir='ltr'>presertim</span> <span class='ocrx_word' id='word_1_105' title='bbox 900 1055 1153 1097; x_wconf 81' lang='lat' dir='ltr'>carnificum</span> <span class='ocrx_word' id='word_1_106' title='bbox 1203 1055 1459 1109; x_wconf 82' lang='lat' dir='ltr'>impiorum,</span> <span class='ocrx_word' id='word_1_107' title='bbox 1508 1054 1718 1108; x_wconf 85' lang='lat' dir='ltr'>quoniam</span> <span class='ocrx_word' id='word_1_108' title='bbox 1769 1055 1936 1098; x_wconf 89' lang='lat' dir='ltr'>nobiles</span> <span class='ocrx_word' id='word_1_109' title='bbox 1977 1056 2021 1096; x_wconf 89' lang='lat' dir='ltr'>et</span> 
     </span>
     <span class='ocr_line' id='line_1_14' title="bbox 252 1125 2020 1180; baseline -0.002 -11"><span class='ocrx_word' id='word_1_110' title='bbox 252 1128 369 1169; x_wconf 76' lang='lat' dir='ltr'>cives</span> <span class='ocrx_word' id='word_1_111' title='bbox 416 1128 587 1170; x_wconf 84' lang='lat' dir='ltr'>honesti</span> <span class='ocrx_word' id='word_1_112' title='bbox 635 1127 717 1169; x_wconf 88' lang='lat' dir='ltr'>sibi</span> <span class='ocrx_word' id='word_1_113' title='bbox 756 1128 875 1168; x_wconf 82' lang='lat' dir='ltr'>suere</span> <span class='ocrx_word' id='word_1_114' title='bbox 916 1130 959 1167; x_wconf 86' lang='lat' dir='ltr'>ct</span> <span class='ocrx_word' id='word_1_115' title='bbox 999 1129 1100 1167; x_wconf 83' lang='lat' dir='ltr'>sunt</span> <span class='ocrx_word' id='word_1_116' title='bbox 1140 1139 1315 1180; x_wconf 77' lang='lat' dir='ltr'>semper</span> <span class='ocrx_word' id='word_1_117' title='bbox 1356 1126 1549 1177; x_wconf 86' lang='lat' dir='ltr'>adversi,</span> <span class='ocrx_word' id='word_1_118' title='bbox 1591 1126 1756 1179; x_wconf 82' lang='lat' dir='ltr'>regales</span> <span class='ocrx_word' id='word_1_119' title='bbox 1796 1125 2020 1180; x_wconf 84' lang='lat' dir='ltr'>principes</span> 
     </span>
     <span class='ocr_line' id='line_1_15' title="bbox 252 1196 2021 1253; baseline -0.001 -14"><span class='ocrx_word' id='word_1_120' title='bbox 252 1201 295 1240; x_wconf 86' lang='lat' dir='ltr'>et</span> <span class='ocrx_word' id='word_1_121' title='bbox 335 1199 607 1253; x_wconf 83' lang='lat' dir='ltr'>propinquos</span> <span class='ocrx_word' id='word_1_122' title='bbox 654 1200 878 1252; x_wconf 84' lang='lat' dir='ltr'>tamquam</span> <span class='ocrx_word' id='word_1_123' title='bbox 922 1198 1115 1240; x_wconf 83' lang='lat' dir='ltr'>letiferos</span> <span class='ocrx_word' id='word_1_124' title='bbox 1156 1197 1307 1238; x_wconf 85' lang='lat' dir='ltr'>hostes</span> <span class='ocrx_word' id='word_1_125' title='bbox 1346 1198 1610 1250; x_wconf 87' lang='lat' dir='ltr'>persecutus</span> <span class='ocrx_word' id='word_1_126' title='bbox 1652 1199 1713 1238; x_wconf 85' lang='lat' dir='ltr'>est</span> <span class='ocrx_word' id='word_1_127' title='bbox 1761 1199 1804 1238; x_wconf 87' lang='lat' dir='ltr'>et</span> <span class='ocrx_word' id='word_1_128' title='bbox 1841 1209 1867 1238; x_wconf 84' lang='lat' dir='ltr'>a</span> <span class='ocrx_word' id='word_1_129' title='bbox 1906 1196 2021 1250; x_wconf 85' lang='lat' dir='ltr'>regia</span> 
     </span>
     <span class='ocr_line' id='line_1_16' title="bbox 251 1259 2092 1323; baseline -0.001 -12"><span class='ocrx_word' id='word_1_130' title='bbox 251 1270 370 1311; x_wconf 89' lang='lat' dir='ltr'>curia</span> <span class='ocrx_word' id='word_1_131' title='bbox 404 1269 608 1323; x_wconf 83' lang='lat' dir='ltr'>propulit,</span> <span class='ocrx_word' id='word_1_132' title='bbox 646 1271 690 1310; x_wconf 89' lang='lat' dir='ltr'>ut</span> <span class='ocrx_word' id='word_1_133' title='bbox 722 1269 842 1310; x_wconf 81' lang='lat' dir='ltr'>iuxta</span> <span class='ocrx_word' id='word_1_134' title='bbox 874 1282 998 1310; x_wconf 87' lang='lat' dir='ltr'>suam</span> <span class='ocrx_word' id='word_1_135' title='bbox 1032 1268 1389 1322; x_wconf 77' lang='lat' dir='ltr'>malignissimam</span> <span class='ocrx_word' id='word_1_136' title='bbox 1423 1269 1464 1309; x_wconf 90' lang='lat' dir='ltr'>ct</span> <span class='ocrx_word' id='word_1_137' title='bbox 1493 1266 1767 1321; x_wconf 81' lang='lat' dir='ltr'>tyrannicam</span> <span class='ocrx_word' id='word_1_138' title='bbox 1794 1267 2021 1309; x_wconf 90' lang='lat' dir='ltr'>libidinem</span> <span class='ocrx_word' id='word_1_139' title='bbox 2038 1259 2092 1303; x_wconf 87' lang='lat'>15</span> 
     </span>
     <span class='ocr_line' id='line_1_17' title="bbox 253 1338 2021 1394; baseline -0.001 -14"><span class='ocrx_word' id='word_1_140' title='bbox 253 1353 433 1392; x_wconf 85' lang='lat' dir='ltr'>regnum</span> <span class='ocrx_word' id='word_1_141' title='bbox 467 1340 649 1382; x_wconf 81' lang='lat' dir='ltr'>Francie</span> <span class='ocrx_word' id='word_1_142' title='bbox 681 1340 956 1393; x_wconf 83' lang='lat' dir='ltr'>gubernaret.</span> <span class='ocrx_word' id='word_1_143' title='bbox 1022 1340 1075 1380; x_wconf 81' lang='lat' dir='ltr'>Et</span> <span class='ocrx_word' id='word_1_144' title='bbox 1108 1340 1193 1381; x_wconf 89' lang='lat' dir='ltr'>alia</span> <span class='ocrx_word' id='word_1_145' title='bbox 1233 1340 1361 1394; x_wconf 89' lang='lat' dir='ltr'>plura</span> <span class='ocrx_word' id='word_1_146' title='bbox 1400 1338 1446 1380; x_wconf 93' lang='lat' dir='ltr'>in</span> <span class='ocrx_word' id='word_1_147' title='bbox 1489 1339 1580 1380; x_wconf 88' lang='lat' dir='ltr'>suis</span> <span class='ocrx_word' id='word_1_148' title='bbox 1620 1338 1778 1380; x_wconf 75' lang='lat' dir='ltr'>litteris</span> <span class='ocrx_word' id='word_1_149' title='bbox 1809 1338 2021 1380; x_wconf 89' lang='lat' dir='ltr'>adversus</span> 
     </span>
     <span class='ocr_line' id='line_1_18' title="bbox 252 1408 2022 1465; baseline -0.001 -14"><span class='ocrx_word' id='word_1_150' title='bbox 252 1411 394 1464; x_wconf 90' lang='lat' dir='ltr'>ipsum</span> <span class='ocrx_word' id='word_1_151' title='bbox 436 1412 708 1453; x_wconf 89' lang='lat' dir='ltr'>nominatum</span> <span class='ocrx_word' id='word_1_152' title='bbox 743 1411 899 1453; x_wconf 87' lang='lat' dir='ltr'>ducem</span> <span class='ocrx_word' id='word_1_153' title='bbox 932 1410 1189 1462; x_wconf 73' lang='lat' dir='ltr'>Burgundio</span> <span class='ocrx_word' id='word_1_154' title='bbox 1222 1410 1469 1465; x_wconf 76' lang='lat' dir='ltr'>descripsit,</span> <span class='ocrx_word' id='word_1_155' title='bbox 1503 1423 1590 1463; x_wconf 84' lang='lat' dir='ltr'>que</span> <span class='ocrx_word' id='word_1_156' title='bbox 1622 1409 1761 1463; x_wconf 86' lang='lat' dir='ltr'>gratia</span> <span class='ocrx_word' id='word_1_157' title='bbox 1793 1408 2022 1451; x_wconf 89' lang='lat' dir='ltr'>brevitatis</span> 
     </span>
     <span class='ocr_line' id='line_1_19' title="bbox 251 1482 648 1534; baseline 0.003 -13"><span class='ocrx_word' id='word_1_158' title='bbox 251 1482 648 1534; x_wconf 87' lang='lat' dir='ltr'>pretermittuntur.</span> 
     </span>
    </p>
   </div>
   <div class='ocr_carea' id='block_1_3' title="bbox 231 1561 2100 2471">
    <p class='ocr_par' dir='ltr' id='par_1_3' title="bbox 231 1561 2100 2471">
     <span class='ocr_line' id='line_1_20' title="bbox 370 1561 2020 1618; baseline -0.001 -13"><span class='ocrx_word' id='word_1_159' title='bbox 370 1564 406 1605; x_wconf 92' lang='lat' dir='ltr'>O</span> <span class='ocrx_word' id='word_1_160' title='bbox 446 1565 713 1606; x_wconf 83' lang='lat' dir='ltr'>horrendum</span> <span class='ocrx_word' id='word_1_161' title='bbox 755 1564 898 1605; x_wconf 74' lang='lat' dir='ltr'>scelus</span> <span class='ocrx_word' id='word_1_162' title='bbox 937 1567 979 1606; x_wconf 90' lang='lat' dir='ltr'>et</span> <span class='ocrx_word' id='word_1_163' title='bbox 1012 1563 1259 1606; x_wconf 79' lang='lat' dir='ltr'>execrabile</span> <span class='ocrx_word' id='word_1_164' title='bbox 1301 1563 1483 1613; x_wconf 50' lang='lat' dir='ltr'>facinus</span> <span class='ocrx_word' id='word_1_165' title='bbox 1522 1563 1757 1618; x_wconf 77' lang='lat' dir='ltr'>pyaculare</span> <span class='ocrx_word' id='word_1_166' title='bbox 1798 1561 2020 1616; x_wconf 79' lang='lat' dir='ltr'>flagicium</span> 
     </span>
     <span class='ocr_line' id='line_1_21' title="bbox 255 1625 2095 1688; baseline 0 -13"><span class='ocrx_word' id='word_1_167' title='bbox 255 1636 341 1675; x_wconf 90' lang='lat' dir='ltr'>tam</span> <span class='ocrx_word' id='word_1_168' title='bbox 383 1635 718 1677; x_wconf 81' lang='lat' dir='ltr'>sceleratissime</span> <span class='ocrx_word' id='word_1_169' title='bbox 757 1635 1038 1677; x_wconf 85' lang='lat' dir='ltr'>commissum</span> <span class='ocrx_word' id='word_1_170' title='bbox 1082 1637 1125 1676; x_wconf 92' lang='lat' dir='ltr'>et</span> <span class='ocrx_word' id='word_1_171' title='bbox 1167 1635 1470 1677; x_wconf 87' lang='lat' dir='ltr'>inhumaniter</span> <span class='ocrx_word' id='word_1_172' title='bbox 1508 1635 1837 1688; x_wconf 81' lang='lat' dir='ltr'>perpetratum,</span> <span class='ocrx_word' id='word_1_173' title='bbox 1882 1634 2021 1675; x_wconf 89' lang='lat' dir='ltr'>Deum</span> <span class='ocrx_word' id='word_1_174' title='bbox 2037 1625 2095 1667; x_wconf 67' lang='lat'>20</span> 
     </span>
     <span class='ocr_line' id='line_1_22' title="bbox 253 1703 2023 1760; baseline 0 -14"><span class='ocrx_word' id='word_1_175' title='bbox 253 1707 295 1746; x_wconf 88' lang='lat' dir='ltr'>et</span> <span class='ocrx_word' id='word_1_176' title='bbox 328 1706 527 1747; x_wconf 88' lang='lat' dir='ltr'>homines</span> <span class='ocrx_word' id='word_1_177' title='bbox 561 1707 916 1760; x_wconf 84' lang='lat' dir='ltr'>contempnendo</span> <span class='ocrx_word' id='word_1_178' title='bbox 950 1707 1233 1748; x_wconf 88' lang='lat' dir='ltr'>audientibus</span> <span class='ocrx_word' id='word_1_179' title='bbox 1266 1707 1495 1748; x_wconf 82' lang='lat' dir='ltr'>horrorem</span> <span class='ocrx_word' id='word_1_180' title='bbox 1529 1705 1700 1759; x_wconf 87' lang='lat' dir='ltr'>ingerit,</span> <span class='ocrx_word' id='word_1_181' title='bbox 1732 1705 1801 1747; x_wconf 92' lang='lat' dir='ltr'>ius</span> <span class='ocrx_word' id='word_1_182' title='bbox 1834 1703 2023 1746; x_wconf 87' lang='lat' dir='ltr'>dicentis</span> 
     </span>
     <span class='ocr_line' id='line_1_23' title="bbox 252 1775 2024 1831; baseline 0.001 -15"><span class='ocrx_word' id='word_1_183' title='bbox 252 1776 400 1829; x_wconf 87' lang='lat' dir='ltr'>pulsat</span> <span class='ocrx_word' id='word_1_184' title='bbox 433 1776 640 1827; x_wconf 80' lang='lat' dir='ltr'>officium,</span> <span class='ocrx_word' id='word_1_185' title='bbox 680 1779 961 1819; x_wconf 76' lang='lat' dir='ltr'>severitatem</span> <span class='ocrx_word' id='word_1_186' title='bbox 996 1777 1181 1819; x_wconf 78' lang='lat' dir='ltr'>ulcionis</span> <span class='ocrx_word' id='word_1_187' title='bbox 1216 1776 1433 1831; x_wconf 85' lang='lat' dir='ltr'>exposcit!</span> <span class='ocrx_word' id='word_1_188' title='bbox 1468 1776 1577 1827; x_wconf 90' lang='lat' dir='ltr'>Quis</span> <span class='ocrx_word' id='word_1_189' title='bbox 1610 1775 1740 1830; x_wconf 89' lang='lat' dir='ltr'>igitur</span> <span class='ocrx_word' id='word_1_190' title='bbox 1772 1789 1861 1818; x_wconf 90' lang='lat' dir='ltr'>non</span> <span class='ocrx_word' id='word_1_191' title='bbox 1892 1775 2024 1817; x_wconf 83' lang='lat' dir='ltr'>velud</span> 
     </span>
     <span class='ocr_line' id='line_1_24' title="bbox 254 1845 2025 1902; baseline 0.001 -17"><span class='ocrx_word' id='word_1_192' title='bbox 254 1846 514 1888; x_wconf 86' lang='lat' dir='ltr'>detestabile</span> <span class='ocrx_word' id='word_1_193' title='bbox 538 1849 706 1902; x_wconf 82' lang='lat' dir='ltr'>nephas</span> <span class='ocrx_word' id='word_1_194' title='bbox 730 1849 965 1891; x_wconf 81' lang='lat' dir='ltr'>abhorreat</span> <span class='ocrx_word' id='word_1_195' title='bbox 990 1850 1162 1890; x_wconf 89' lang='lat' dir='ltr'>tantum</span> <span class='ocrx_word' id='word_1_196' title='bbox 1181 1848 1426 1902; x_wconf 85' lang='lat' dir='ltr'>principem</span> <span class='ocrx_word' id='word_1_197' title='bbox 1444 1847 1724 1890; x_wconf 90' lang='lat' dir='ltr'>innocentem</span> <span class='ocrx_word' id='word_1_198' title='bbox 1746 1846 1872 1889; x_wconf 90' lang='lat' dir='ltr'>morti</span> <span class='ocrx_word' id='word_1_199' title='bbox 1890 1845 2025 1889; x_wconf 85' lang='lat' dir='ltr'>tradi-</span> 
     </span>
     <span class='ocr_line' id='line_1_25' title="bbox 253 1916 2025 1971; baseline 0.001 -14"><span class='ocrx_word' id='word_1_200' title='bbox 253 1918 345 1957; x_wconf 87' lang='lat' dir='ltr'>tum</span> <span class='ocrx_word' id='word_1_201' title='bbox 370 1917 463 1959; x_wconf 91' lang='lat' dir='ltr'>sine</span> <span class='ocrx_word' id='word_1_202' title='bbox 487 1919 640 1960; x_wconf 85' lang='lat' dir='ltr'>causa!</span> <span class='ocrx_word' id='word_1_203' title='bbox 664 1920 774 1970; x_wconf 86' lang='lat' dir='ltr'>Quis</span> <span class='ocrx_word' id='word_1_204' title='bbox 799 1933 885 1962; x_wconf 90' lang='lat' dir='ltr'>non</span> <span class='ocrx_word' id='word_1_205' title='bbox 908 1922 1134 1962; x_wconf 84' lang='lat' dir='ltr'>execretur</span> <span class='ocrx_word' id='word_1_206' title='bbox 1156 1920 1298 1961; x_wconf 77' lang='lat' dir='ltr'>virum</span> <span class='ocrx_word' id='word_1_207' title='bbox 1322 1918 1562 1967; x_wconf 74' lang='lat' dir='ltr'>innoxium,</span> <span class='ocrx_word' id='word_1_208' title='bbox 1585 1931 1687 1960; x_wconf 86' lang='lat' dir='ltr'>ceca</span> <span class='ocrx_word' id='word_1_209' title='bbox 1710 1918 1852 1960; x_wconf 83' lang='lat' dir='ltr'>solum</span> <span class='ocrx_word' id='word_1_210' title='bbox 1870 1916 2025 1971; x_wconf 85' lang='lat' dir='ltr'>impel-</span> 
     </span>
     <span class='ocr_line' id='line_1_26' title="bbox 255 1978 2096 2044; baseline 0.001 -16"><span class='ocrx_word' id='word_1_211' title='bbox 255 1987 372 2029; x_wconf 89' lang='lat' dir='ltr'>lente</span> <span class='ocrx_word' id='word_1_212' title='bbox 405 1988 659 2042; x_wconf 85' lang='lat' dir='ltr'>cupiditate,</span> <span class='ocrx_word' id='word_1_213' title='bbox 694 1994 782 2032; x_wconf 88' lang='lat' dir='ltr'>tam</span> <span class='ocrx_word' id='word_1_214' title='bbox 816 1991 1051 2032; x_wconf 79' lang='lat' dir='ltr'>crudeliter</span> <span class='ocrx_word' id='word_1_215' title='bbox 1083 1990 1421 2044; x_wconf 87' lang='lat' dir='ltr'>interemptum!</span> <span class='ocrx_word' id='word_1_216' title='bbox 1465 1989 1576 2041; x_wconf 90' lang='lat' dir='ltr'>Quis</span> <span class='ocrx_word' id='word_1_217' title='bbox 1600 1988 1661 2031; x_wconf 89' lang='lat' dir='ltr'>ita</span> <span class='ocrx_word' id='word_1_218' title='bbox 1683 1990 1806 2043; x_wconf 88' lang='lat' dir='ltr'>tepet</span> <span class='ocrx_word' id='word_1_219' title='bbox 1828 1987 2025 2040; x_wconf 83' lang='lat' dir='ltr'>affectus,</span> <span class='ocrx_word' id='word_1_220' title='bbox 2039 1978 2096 2021; x_wconf 72' lang='lat'>25</span> 
     </span>
     <span class='ocr_line' id='line_1_27' title="bbox 257 2058 2026 2115; baseline 0.001 -17"><span class='ocrx_word' id='word_1_221' title='bbox 257 2060 306 2099; x_wconf 90' lang='lat' dir='ltr'>ut</span> <span class='ocrx_word' id='word_1_222' title='bbox 340 2071 426 2100; x_wconf 91' lang='lat' dir='ltr'>non</span> <span class='ocrx_word' id='word_1_223' title='bbox 459 2061 724 2102; x_wconf 84' lang='lat' dir='ltr'>accendatur</span> <span class='ocrx_word' id='word_1_224' title='bbox 757 2062 884 2103; x_wconf 76' lang='lat' dir='ltr'>velud</span> <span class='ocrx_word' id='word_1_225' title='bbox 922 2062 1032 2115; x_wconf 86' lang='lat' dir='ltr'>ignis</span> <span class='ocrx_word' id='word_1_226' title='bbox 1064 2063 1117 2104; x_wconf 92' lang='lat' dir='ltr'>ad</span> <span class='ocrx_word' id='word_1_227' title='bbox 1153 2062 1400 2103; x_wconf 83' lang='lat' dir='ltr'>cohibenda</span> <span class='ocrx_word' id='word_1_228' title='bbox 1432 2061 1538 2103; x_wconf 85' lang='lat' dir='ltr'>talia</span> <span class='ocrx_word' id='word_1_229' title='bbox 1560 2061 1679 2103; x_wconf 87' lang='lat' dir='ltr'>zelus</span> <span class='ocrx_word' id='word_1_230' title='bbox 1702 2058 1814 2102; x_wconf 89' lang='lat' dir='ltr'>eius!</span> <span class='ocrx_word' id='word_1_231' title='bbox 1848 2058 1958 2110; x_wconf 86' lang='lat' dir='ltr'>Quis</span> <span class='ocrx_word' id='word_1_232' title='bbox 1980 2059 2026 2100; x_wconf 89' lang='lat' dir='ltr'>in</span> 
     </span>
     <span class='ocr_line' id='line_1_28' title="bbox 257 2129 2026 2187; baseline 0.001 -18"><span class='ocrx_word' id='word_1_233' title='bbox 257 2129 511 2182; x_wconf 82' lang='lat' dir='ltr'>castigando</span> <span class='ocrx_word' id='word_1_234' title='bbox 559 2134 620 2173; x_wconf 88' lang='lat' dir='ltr'>tot</span> <span class='ocrx_word' id='word_1_235' title='bbox 670 2133 886 2174; x_wconf 79' lang='lat' dir='ltr'>scelerum</span> <span class='ocrx_word' id='word_1_236' title='bbox 935 2135 1179 2187; x_wconf 88' lang='lat' dir='ltr'>patratores</span> <span class='ocrx_word' id='word_1_237' title='bbox 1223 2134 1269 2174; x_wconf 90' lang='lat' dir='ltr'>et</span> <span class='ocrx_word' id='word_1_238' title='bbox 1315 2131 1587 2174; x_wconf 89' lang='lat' dir='ltr'>crudelitatis</span> <span class='ocrx_word' id='word_1_239' title='bbox 1636 2132 1759 2173; x_wconf 88' lang='lat' dir='ltr'>tante</span> <span class='ocrx_word' id='word_1_240' title='bbox 1803 2129 2026 2172; x_wconf 91' lang='lat' dir='ltr'>ministros</span> 
     </span>
     <span class='ocr_line' id='line_1_29' title="bbox 258 2198 2027 2256; baseline 0.002 -17"><span class='ocrx_word' id='word_1_241' title='bbox 258 2198 446 2241; x_wconf 90' lang='lat' dir='ltr'>libenter</span> <span class='ocrx_word' id='word_1_242' title='bbox 500 2202 685 2255; x_wconf 82' lang='lat' dir='ltr'>rigorem</span> <span class='ocrx_word' id='word_1_243' title='bbox 740 2203 928 2245; x_wconf 86' lang='lat' dir='ltr'>ulcionis</span> <span class='ocrx_word' id='word_1_244' title='bbox 982 2217 1069 2246; x_wconf 91' lang='lat' dir='ltr'>non</span> <span class='ocrx_word' id='word_1_245' title='bbox 1118 2203 1341 2246; x_wconf 84' lang='lat' dir='ltr'>exerceat!</span> <span class='ocrx_word' id='word_1_246' title='bbox 1405 2202 1517 2254; x_wconf 84' lang='lat' dir='ltr'>Quis</span> <span class='ocrx_word' id='word_1_247' title='bbox 1561 2215 1770 2256; x_wconf 87' lang='lat' dir='ltr'>umquam</span> <span class='ocrx_word' id='word_1_248' title='bbox 1818 2199 2027 2255; x_wconf 89' lang='lat' dir='ltr'>princeps</span> 
     </span>
     <span class='ocr_line' id='line_1_30' title="bbox 258 2269 2026 2329; baseline 0.001 -19"><span class='ocrx_word' id='word_1_249' title='bbox 258 2269 495 2312; x_wconf 89' lang='lat' dir='ltr'>clamorem</span> <span class='ocrx_word' id='word_1_250' title='bbox 536 2272 621 2314; x_wconf 81' lang='lat' dir='ltr'>susi</span> <span class='ocrx_word' id='word_1_251' title='bbox 664 2274 810 2315; x_wconf 87' lang='lat' dir='ltr'>taliter</span> <span class='ocrx_word' id='word_1_252' title='bbox 849 2275 1072 2329; x_wconf 83' lang='lat' dir='ltr'>sanguinis</span> <span class='ocrx_word' id='word_1_253' title='bbox 1111 2288 1217 2317; x_wconf 86' lang='lat' dir='ltr'>aure</span> <span class='ocrx_word' id='word_1_254' title='bbox 1256 2275 1390 2317; x_wconf 90' lang='lat' dir='ltr'>surda</span> <span class='ocrx_word' id='word_1_255' title='bbox 1433 2272 1732 2329; x_wconf 86' lang='lat' dir='ltr'>pertranseat!</span> <span class='ocrx_word' id='word_1_256' title='bbox 1796 2272 1907 2314; x_wconf 87' lang='lat' dir='ltr'>Ecce</span> <span class='ocrx_word' id='word_1_257' title='bbox 1943 2284 2026 2314; x_wconf 88' lang='lat' dir='ltr'>vox</span> 
     </span>
     <span class='ocr_line' id='line_1_31' title="bbox 231 2331 2100 2397; baseline 0.001 -16"><span class='ocrx_word' id='word_1_258' title='bbox 231 2340 354 2382; x_wconf 86' lang='lat' dir='ltr'>.eius</span> <span class='ocrx_word' id='word_1_259' title='bbox 387 2341 431 2382; x_wconf 92' lang='lat' dir='ltr'>in</span> <span class='ocrx_word' id='word_1_260' title='bbox 465 2344 626 2384; x_wconf 90' lang='lat' dir='ltr'>nostris</span> <span class='ocrx_word' id='word_1_261' title='bbox 659 2346 840 2387; x_wconf 89' lang='lat' dir='ltr'>auribus</span> <span class='ocrx_word' id='word_1_262' title='bbox 874 2346 1064 2397; x_wconf 86' lang='lat' dir='ltr'>insonat,</span> <span class='ocrx_word' id='word_1_263' title='bbox 1098 2348 1154 2388; x_wconf 89' lang='lat' dir='ltr'>ad</span> <span class='ocrx_word' id='word_1_264' title='bbox 1187 2359 1267 2388; x_wconf 91' lang='lat' dir='ltr'>nos</span> <span class='ocrx_word' id='word_1_265' title='bbox 1299 2345 1473 2397; x_wconf 89' lang='lat' dir='ltr'>clamat,</span> <span class='ocrx_word' id='word_1_266' title='bbox 1510 2344 1684 2386; x_wconf 89' lang='lat' dir='ltr'>invocat</span> <span class='ocrx_word' id='word_1_267' title='bbox 1715 2343 1771 2384; x_wconf 91' lang='lat' dir='ltr'>ad</span> <span class='ocrx_word' id='word_1_268' title='bbox 1802 2340 2027 2393; x_wconf 88' lang='lat' dir='ltr'>iudicium,</span> <span class='ocrx_word' id='word_1_269' title='bbox 2042 2331 2100 2374; x_wconf 91' lang='lat'>30</span> 
     </span>
     <span class='ocr_line' id='line_1_32' title="bbox 259 2414 888 2471; baseline 0.011 -20"><span class='ocrx_word' id='word_1_270' title='bbox 259 2414 468 2463; x_wconf 90' lang='lat' dir='ltr'>provocat</span> <span class='ocrx_word' id='word_1_271' title='bbox 499 2414 554 2455; x_wconf 88' lang='lat' dir='ltr'>ad</span> <span class='ocrx_word' id='word_1_272' title='bbox 587 2414 888 2471; x_wconf 77' lang='lat' dir='ltr'>vindictam.¹&#39;)</span> 
     </span>
    </p>
   </div>
   <div class='ocr_carea' id='block_1_4' title="bbox 259 2494 2101 2754">
    <p class='ocr_par' dir='ltr' id='par_1_4' title="bbox 259 2494 2101 2754">
     <span class='ocr_line' id='line_1_33' title="bbox 379 2494 2030 2554; baseline 0 -19"><span class='ocrx_word' id='word_1_273' title='bbox 379 2494 441 2535; x_wconf 84' lang='lat' dir='ltr'>Ex</span> <span class='ocrx_word' id='word_1_274' title='bbox 483 2496 644 2548; x_wconf 88' lang='lat' dir='ltr'>quibus</span> <span class='ocrx_word' id='word_1_275' title='bbox 688 2498 802 2540; x_wconf 84' lang='lat' dir='ltr'>clare</span> <span class='ocrx_word' id='word_1_276' title='bbox 847 2499 1081 2554; x_wconf 81' lang='lat' dir='ltr'>colligitur,</span> <span class='ocrx_word' id='word_1_277' title='bbox 1124 2499 1245 2553; x_wconf 92' lang='lat' dir='ltr'>quod</span> <span class='ocrx_word' id='word_1_278' title='bbox 1286 2498 1403 2541; x_wconf 88' lang='lat' dir='ltr'>idem</span> <span class='ocrx_word' id='word_1_279' title='bbox 1449 2510 1525 2540; x_wconf 86' lang='lat' dir='ltr'>rex</span> <span class='ocrx_word' id='word_1_280' title='bbox 1566 2497 1835 2540; x_wconf 86' lang='lat' dir='ltr'>Francorum</span> <span class='ocrx_word' id='word_1_281' title='bbox 1877 2494 2030 2536; x_wconf 88' lang='lat' dir='ltr'>contra</span> 
     </span>
     <span class='ocr_line' id='line_1_34' title="bbox 259 2563 2031 2625; baseline 0.002 -21"><span class='ocrx_word' id='word_1_282' title='bbox 259 2563 405 2617; x_wconf 90' lang='lat' dir='ltr'>ipsum</span> <span class='ocrx_word' id='word_1_283' title='bbox 439 2570 742 2622; x_wconf 87' lang='lat' dir='ltr'>nuncupatum</span> <span class='ocrx_word' id='word_1_284' title='bbox 775 2570 930 2612; x_wconf 87' lang='lat' dir='ltr'>ducem</span> <span class='ocrx_word' id='word_1_285' title='bbox 954 2570 1208 2625; x_wconf 85' lang='lat' dir='ltr'>Burgundie</span> <span class='ocrx_word' id='word_1_286' title='bbox 1238 2570 1403 2612; x_wconf 87' lang='lat' dir='ltr'>iustam</span> <span class='ocrx_word' id='word_1_287' title='bbox 1433 2581 1611 2612; x_wconf 87' lang='lat' dir='ltr'>causam</span> <span class='ocrx_word' id='word_1_288' title='bbox 1640 2567 1799 2609; x_wconf 85' lang='lat' dir='ltr'>habuit</span> <span class='ocrx_word' id='word_1_289' title='bbox 1826 2566 1873 2609; x_wconf 85' lang='lat' dir='ltr'>et</span> <span class='ocrx_word' id='word_1_290' title='bbox 1896 2565 2031 2608; x_wconf 85' lang='lat' dir='ltr'>habet</span> 
     </span>
     <span class='ocr_line' id='line_1_35' title="bbox 260 2635 2030 2696; baseline 0.001 -20"><span class='ocrx_word' id='word_1_291' title='bbox 260 2635 530 2688; x_wconf 85' lang='lat' dir='ltr'>procedendi</span> <span class='ocrx_word' id='word_1_292' title='bbox 581 2640 623 2679; x_wconf 91' lang='lat' dir='ltr'>et</span> <span class='ocrx_word' id='word_1_293' title='bbox 659 2641 956 2694; x_wconf 87' lang='lat' dir='ltr'>prosequendi</span> <span class='ocrx_word' id='word_1_294' title='bbox 1001 2654 1051 2683; x_wconf 92' lang='lat' dir='ltr'>ac</span> <span class='ocrx_word' id='word_1_295' title='bbox 1093 2640 1242 2696; x_wconf 89' lang='lat' dir='ltr'>ipsum</span> <span class='ocrx_word' id='word_1_296' title='bbox 1284 2637 1661 2695; x_wconf 88' lang='lat' dir='ltr'>condempnandi‚</span> <span class='ocrx_word' id='word_1_297' title='bbox 1713 2650 1814 2680; x_wconf 91' lang='lat' dir='ltr'>cum</span> <span class='ocrx_word' id='word_1_298' title='bbox 1860 2635 1936 2679; x_wconf 87' lang='lat' dir='ltr'>ille</span> <span class='ocrx_word' id='word_1_299' title='bbox 1976 2648 2030 2678; x_wconf 87' lang='lat' dir='ltr'>ex</span> 
     </span>
     <span class='ocr_line' id='line_1_36' title="bbox 262 2695 2101 2754; baseline 0.001 -8"><span class='ocrx_word' id='word_1_300' title='bbox 262 2706 521 2750; x_wconf 87' lang='lat' dir='ltr'>enormitate</span> <span class='ocrx_word' id='word_1_301' title='bbox 567 2711 656 2751; x_wconf 89' lang='lat' dir='ltr'>tam</span> <span class='ocrx_word' id='word_1_302' title='bbox 702 2711 892 2753; x_wconf 88' lang='lat' dir='ltr'>inauditi</span> <span class='ocrx_word' id='word_1_303' title='bbox 941 2725 966 2753; x_wconf 88' lang='lat' dir='ltr'>a</span> <span class='ocrx_word' id='word_1_304' title='bbox 1006 2712 1158 2754; x_wconf 88' lang='lat' dir='ltr'>seculo</span> <span class='ocrx_word' id='word_1_305' title='bbox 1197 2710 1404 2754; x_wconf 83' lang='lat' dir='ltr'>facinoris</span> <span class='ocrx_word' id='word_1_306' title='bbox 1441 2723 1489 2753; x_wconf 90' lang='lat' dir='ltr'>se</span> <span class='ocrx_word' id='word_1_307' title='bbox 1537 2707 1818 2752; x_wconf 88' lang='lat' dir='ltr'>constituerit</span> <span class='ocrx_word' id='word_1_308' title='bbox 1860 2705 2030 2749; x_wconf 87' lang='lat' dir='ltr'>cunctis</span> <span class='ocrx_word' id='word_1_309' title='bbox 2044 2695 2101 2739; x_wconf 87' lang='lat'>35</span> 
     </span>
    </p>
   </div>
   <div class='ocr_carea' id='block_1_5' title="bbox 261 2880 2031 2968">
    <p class='ocr_par' dir='ltr' id='par_1_5' title="bbox 261 2880 2031 2968">
     <span class='ocr_line' id='line_1_37' title="bbox 378 2880 2031 2922; baseline 0 -13"><span class='ocrx_word' id='word_1_310' title='bbox 378 2882 409 2916; x_wconf 80' lang='lat' dir='ltr'>a)</span> <span class='ocrx_word' id='word_1_311' title='bbox 431 2882 630 2918; x_wconf 80' lang='lat' dir='ltr'>collegatum</span> <span class='ocrx_word' id='word_1_312' title='bbox 651 2886 687 2912; x_wconf 85' lang='lat' dir='ltr'>B.</span> <span class='ocrx_word' id='word_1_313' title='bbox 759 2886 792 2920; x_wconf 90' lang='lat' dir='ltr'>b)</span> <span class='ocrx_word' id='word_1_314' title='bbox 813 2886 894 2914; x_wconf 69' lang='lat' dir='ltr'>Hier</span> <span class='ocrx_word' id='word_1_315' title='bbox 917 2885 1002 2922; x_wconf 65' lang='lat' dir='ltr'>solat</span> <span class='ocrx_word' id='word_1_316' title='bbox 1027 2886 1062 2914; x_wconf 71' lang='lat' dir='ltr'>in</span> <span class='ocrx_word' id='word_1_317' title='bbox 1081 2887 1140 2913; x_wconf 77' lang='lat' dir='ltr'>der</span> <span class='ocrx_word' id='word_1_318' title='bbox 1159 2885 1381 2921; x_wconf 65' lang='lat' dir='ltr'>Hominem-ire</span> <span class='ocrx_word' id='word_1_319' title='bbox 1405 2886 1465 2914; x_wconf 72' lang='lat' dir='ltr'>der</span> <span class='ocrx_word' id='word_1_320' title='bbox 1488 2886 1572 2914; x_wconf 68' lang='lat' dir='ltr'>ertu</span> <span class='ocrx_word' id='word_1_321' title='bbox 1602 2883 1690 2912; x_wconf 71' lang='grc' dir='ltr'>Μ</span> <span class='ocrx_word' id='word_1_322' title='bbox 1713 2890 1778 2912; x_wconf 70' lang='lat' dir='ltr'>von</span> <span class='ocrx_word' id='word_1_323' title='bbox 1801 2881 1963 2911; x_wconf 72' lang='lat' dir='ltr'>voluntas</span> <span class='ocrx_word' id='word_1_324' title='bbox 1981 2880 2031 2909; x_wconf 65' lang='lat' dir='ltr'>bie</span> 
     </span>
     <span class='ocr_line' id='line_1_38' title="bbox 261 2927 1763 2968; baseline 0.003 -13"><span class='ocrx_word' id='word_1_325' title='bbox 261 2927 446 2957; x_wconf 80' lang='lat' dir='ltr'>catholicos</span> <span class='ocrx_word' id='word_1_326' title='bbox 465 2931 522 2958; x_wconf 81' lang='lat' dir='ltr'>mit</span> <span class='ocrx_word' id='word_1_327' title='bbox 542 2931 776 2968; x_wconf 67' lang='lat' dir='ltr'>Abkssrzunqen</span> <span class='ocrx_word' id='word_1_328' title='bbox 795 2933 991 2967; x_wconf 66' lang='lat' dir='ltr'>wieder-holt,</span> <span class='ocrx_word' id='word_1_329' title='bbox 1011 2933 1091 2962; x_wconf 79' lang='lat' dir='ltr'>aber</span> <span class='ocrx_word' id='word_1_330' title='bbox 1111 2934 1365 2962; x_wconf 61' lang='lat' dir='ltr'>aurchact-ichen.</span> <span class='ocrx_word' id='word_1_331' title='bbox 1401 2933 1454 2962; x_wconf 70' lang='lat' dir='ltr'>An</span> <span class='ocrx_word' id='word_1_332' title='bbox 1472 2933 1532 2961; x_wconf 76' lang='lat' dir='ltr'>der</span> <span class='ocrx_word' id='word_1_333' title='bbox 1551 2931 1634 2960; x_wconf 69' lang='lat' dir='ltr'>secte</span> <span class='ocrx_word' id='word_1_334' title='bbox 1651 2931 1763 2960; x_wconf 65' lang='lat' dir='ltr'>vocnt·</span> 
     </span>
    </p>
   </div>
   <div class='ocr_carea' id='block_1_6' title="bbox 263 2986 2032 3098">
    <p class='ocr_par' dir='ltr' id='par_1_6' title="bbox 263 2986 2032 3098">
     <span class='ocr_line' id='line_1_39' title="bbox 383 2986 2032 3041; baseline -0.001 -17"><span class='ocrx_word' id='word_1_335' title='bbox 383 2990 410 3033; x_wconf 87' lang='lat'>¹)</span> <span class='ocrx_word' id='word_1_336' title='bbox 437 2989 515 3024; x_wconf 86' lang='lat' dir='ltr'>Der</span> <span class='ocrx_word' id='word_1_337' title='bbox 546 2991 821 3038; x_wconf 70' lang='lat' dir='ltr'>Volksausstand</span> <span class='ocrx_word' id='word_1_338' title='bbox 839 2993 905 3028; x_wconf 83' lang='lat' dir='ltr'>der</span> <span class='ocrx_word' id='word_1_339' title='bbox 933 2993 1151 3029; x_wconf 71' lang='lat' dir='ltr'>Cabochiens</span> <span class='ocrx_word' id='word_1_340' title='bbox 1181 3005 1260 3029; x_wconf 80' lang='lat' dir='ltr'>vom</span> <span class='ocrx_word' id='word_1_341' title='bbox 1292 2993 1400 3041; x_wconf 77' lang='lat' dir='ltr'>April</span> <span class='ocrx_word' id='word_1_342' title='bbox 1422 2992 1494 3029; x_wconf 77' lang='lat' dir='ltr'>und</span> <span class='ocrx_word' id='word_1_343' title='bbox 1515 2990 1593 3028; x_wconf 64' lang='lat' dir='ltr'>Man·</span> <span class='ocrx_word' id='word_1_344' title='bbox 1617 2990 1722 3027; x_wconf 73' lang='lat'><strong><em>1413.</em></strong></span> <span class='ocrx_word' id='word_1_345' title='bbox 1782 2988 1849 3036; x_wconf 74' lang='lat'><em>1⁷91.</em></span> <span class='ocrx_word' id='word_1_346' title='bbox 1874 2986 2032 3024; x_wconf 65' lang='lat' dir='ltr'>dar-fiber</span> 
     </span>
     <span class='ocr_line' id='line_1_40' title="bbox 263 3045 2030 3098; baseline 0.001 -16"><span class='ocrx_word' id='word_1_347' title='bbox 263 3047 327 3083; x_wconf 72' lang='lat' dir='ltr'>das</span> <span class='ocrx_word' id='word_1_348' title='bbox 352 3060 437 3083; x_wconf 81' lang='lat' dir='ltr'>neue</span> <span class='ocrx_word' id='word_1_349' title='bbox 471 3049 570 3088; x_wconf 78' lang='lat' dir='ltr'>Werk</span> <span class='ocrx_word' id='word_1_350' title='bbox 593 3062 661 3086; x_wconf 82' lang='lat' dir='ltr'>von</span> <span class='ocrx_word' id='word_1_351' title='bbox 690 3052 731 3090; x_wconf 79' lang='grc' dir='ltr'>Α.</span> <span class='ocrx_word' id='word_1_352' title='bbox 753 3051 896 3098; x_wconf 71' lang='grc' dir='ltr'><strong><em>Θουίιιε,</em></strong></span> <span class='ocrx_word' id='word_1_353' title='bbox 922 3052 989 3088; x_wconf 62' lang='lat' dir='ltr'>Les</span> <span class='ocrx_word' id='word_1_354' title='bbox 1009 3052 1229 3092; x_wconf 72' lang='lat' dir='ltr'>Gabochieus</span> <span class='ocrx_word' id='word_1_355' title='bbox 1254 3057 1292 3088; x_wconf 78' lang='lat' dir='ltr'>et</span> <span class='ocrx_word' id='word_1_356' title='bbox 1313 3052 1564 3090; x_wconf 65' lang='lat' dir='ltr'>Por-donnana</span> <span class='ocrx_word' id='word_1_357' title='bbox 1587 3050 1631 3086; x_wconf 76' lang='lat' dir='ltr'>de</span> <span class='ocrx_word' id='word_1_358' title='bbox 1656 3048 1762 3095; x_wconf 75' lang='lat'><em>1413,</em></span> <span class='ocrx_word' id='word_1_359' title='bbox 1782 3047 1904 3093; x_wconf 70' lang='lat' dir='ltr'>Paria,</span> <span class='ocrx_word' id='word_1_360' title='bbox 1925 3045 2030 3086; x_wconf 83' lang='lat'><em>1888.</em></span> 
     </span>
    </p>
   </div>
   <div class='ocr_carea' id='block_1_7' title="bbox 2151 3079 2216 3432">
    <p class='ocr_par' dir='ltr' id='par_1_7' title="bbox 2151 3079 2216 3432">
     <span class='ocr_line' id='line_1_41' title="bbox 2151 3079 2216 3432; baseline 0 0"><span class='ocrx_word' id='word_1_361' title='bbox 2151 3079 2216 3432; x_wconf 95' lang='lat' dir='ltr'> </span> 
     </span>
    </p>
   </div>
  </div>
 </body>
</html>
