2216 3432
2005 0 2010 4 .
2032 0 2059 29 ἧς.
2082 20 2091 31 ²

2189 96 2194 98 -
2207 89 2216 102 Ι

254 176 307 217 98
651 175 677 210 Ι.
704 172 898 210 Abschnitt.
947 163 1369 210 Unionsverhandlungen
1394 162 1448 197 bis
1477 159 1577 197 1413.

256 289 365 331 stato
396 286 507 329 della
537 283 681 325 chiesa
718 280 762 322 et
793 276 882 319 cosi
915 289 938 317 e
969 284 1191 322 converso,
1231 269 1398 323 quanta
1431 266 1574 309 utilita
1605 263 1862 317 conseginta
1893 274 2001 304 con-

259 355 505 400 servandosi
544 354 584 394 la
615 352 731 393 detta
768 347 875 389 citta
905 359 930 387 a
961 356 1039 385 sua
1071 340 1312 392 devotione,
1359 339 1401 380 et
1433 337 1513 379 che
1543 349 1623 390 per
1654 334 1737 377 Dio
1767 333 1813 375 in
1844 331 1912 375 cio
1943 332 2000 386 gli

253 427 417 482 piaccia
455 436 581 465 avere
621 418 798 462 francho
841 418 883 458 et
918 414 1040 456 virile
1083 411 1227 453 animo
1269 411 1314 451 et
1353 421 1441 450 non
1483 406 1728 461 perdonare
1759 403 1814 445 ad
1846 403 2003 445 alcuna

253 508 438 551 graveza,
477 492 604 534 fatica
634 504 659 531 o
691 500 830 542 spesa,
871 487 914 527 et
945 496 1065 526 come
1105 481 1176 522 noi
1220 479 1437 534 speriamo
1475 476 1541 518 fra
1582 476 1717 517 breve
1758 472 1803 515 di
1835 471 2001 527 signifi-

259 564 387 617 cargli
417 563 588 604 intorno
619 574 644 601 a
675 559 829 612 questa
859 553 1038 597 materia
1069 552 1225 594 alcuna
1257 562 1371 600 cosa,
1404 548 1445 589 la
1477 547 1607 601 quale
1640 545 1726 587 alla
1758 557 1838 586 sua
1860 542 2041 586 beati-5

256 634 404 676 tudine
436 631 660 686 pensiamo
692 640 788 669 sara
818 627 952 679 grata.

254 819 324 863 23.
355 818 539 858 Anca-ort
568 815 635 855 des
670 812 819 853 Ratlces
849 826 899 851 zu
938 808 1111 862 Venediy
1150 808 1234 859 auf
1262 806 1326 846 die
1367 802 1611 857 Vorscltld’fse
1649 802 1719 843 des
1742 799 2002 856 pd‘pstliclcen

251 888 482 931 Gesandten
523 884 715 925 Ber-thold
754 882 896 922 Orsini
938 879 1139 934 bezz't'ylz'clt
1184 878 1255 917 cler
1298 876 1512 931 (seplanten
1556 873 1836 913 italieniscleen
1883 870 2003 913 Reise

699 951 970 1007 Siyismunds.
1035 948 1143 988 1411
1177 945 1390 988 December
1419 943 1547 986 3-8.

321 1049 392 1083 Ans
426 1047 666 1082 Scaatsarchiv
706 1045 862 1089 l'cncdiy,
901 1042 1164 1076 Deliberazioni
1194 1041 1252 1074 del
1276 1039 1408 1073 Senatu
1440 1037 1495 1072 11*
1516 1038 1585 1082 sol.
1610 1036 1681 1070 213
1705 1049 1725 1070 υ
1760 1035 1829 1069 und
1856 1034 1925 1068 214
1957 1046 2003 1068 zu
2020 1035 2074 1077 10

396 1107 525 1151 obiycm
553 1105 689 1138 Datum.

369 1201 477 1241 Cum
523 1197 811 1251 comparuerit
851 1197 905 1237 ad
945 1197 1135 1236 nostram
1183 1191 1453 1248 presentiam
1497 1189 1753 1244 magnificus
1795 1189 2001 1231 dominus

256 1284 395 1312 comes
426 1268 684 1310 Bertlioldus
715 1265 983 1308 ambaxiator
1015 1264 1170 1306 summi
1205 1261 1421 1317 pontificis
1450 1264 1494 1303 et
1527 1262 1644 1303 inter
1676 1260 1761 1302 alia
1792 1274 1844 1301 ex
1875 1260 2003 1313 parte

257 1341 357 1382 dicti
390 1338 549 1380 domini
580 1351 691 1391 pape
723 1336 848 1378 nobis
880 1334 1140 1389 exposuerit,
1174 1334 1291 1386 qnod
1314 1332 1518 1374 dominus
1542 1344 1658 1386 papa
1681 1330 1814 1372 mittit
1837 1330 2003 1372 dictum

259 1409 508 1451 Bertoldum
539 1408 583 1449 in
616 1407 952 1448 ambaxiatorem
985 1418 1110 1446 suum
1145 1404 1198 1445 ad
1230 1403 1498 1457 presentiam
1531 1400 1697 1443 domini
1731 1401 1845 1454 regis
1868 1399 2002 1454 Sigis-
2021 1398 2072 1440 15

259 1478 403 1521 mondi
442 1491 520 1530 pro
560 1476 804 1518 inducendo
842 1475 985 1528 ipsum
1027 1476 1080 1516 ad
1111 1488 1261 1528 pacem
1302 1487 1399 1515 cnm
1434 1474 1584 1514 nostro
1617 1471 1809 1514 dominio
1847 1471 1892 1513 et
1922 1483 2003 1526 pro

257 1548 534 1590 conducendo
575 1546 734 1588 dictum
773 1546 995 1587 dominum
1038 1558 1179 1597 regem
1221 1544 1547 1597 Sigismondum
1587 1543 1642 1584 ad
1684 1543 1834 1597 partes
1875 1540 2002 1583 ltalie

258 1631 335 1672 pro
375 1616 621 1658 defensione
667 1618 708 1657 et
745 1614 1072 1657 conservatione
1119 1617 1257 1656 status
1305 1614 1486 1655 ecclesie
1534 1615 1579 1655 et
1620 1626 1702 1668 pro
1745 1611 2003 1654 defensione

259 1689 394 1729 Rome
426 1689 468 1728 et
500 1685 781 1727 consideratis
821 1685 1026 1738 predictis
1064 1686 1251 1726 multum
1290 1697 1424 1737 super
1465 1685 1546 1725 hoc
1579 1683 1638 1724 sit
1668 1683 2003 1734 advertendum,

256 1771 353 1798 nam
385 1770 461 1810 per
493 1757 688 1808 elapsum
726 1755 923 1796 dominus
955 1769 1069 1808 papa
1100 1758 1307 1796 continue
1348 1754 1452 1796 dixit
1485 1754 1649 1795 nostris
1689 1752 2003 1795 ambaxiatori-
2017 1751 2075 1793 20

254 1828 347 1878 bus,
388 1826 461 1880 qui
501 1827 554 1867 ad
586 1825 851 1878 presentiam
891 1839 1012 1866 suam
1054 1826 1244 1874 suerunt,
1283 1828 1327 1867 et
1359 1824 1561 1878 promisit
1604 1826 1753 1866 nostro
1793 1822 2002 1873 dominio,

254 1897 368 1949 quod
401 1909 617 1948 nunquam
651 1896 921 1936 incoronaret
954 1896 1114 1936 dictum
1146 1909 1288 1947 regent
1313 1895 1636 1948 Sigismondum
1663 1908 1742 1936 nec
1765 1893 2000 1936 assentiret

254 1965 454 2006 adventui
497 1978 574 2006 suo
614 1966 667 2006 ad
706 1968 850 2018 partes
891 1965 1026 2016 Italic,
1076 1965 1157 2006 nisi
1205 1966 1345 2018 primo
1393 1966 1508 2006 esset
1545 1965 1591 2006 in
1630 1964 1866 2007 concordio
1904 1977 2003 2005 cum

257 2037 399 2076 nostro
438 2034 623 2075 dominio
661 2037 715 2085 et,
757 2037 988 2088 antequam
1031 2036 1148 2077 dieto
1183 2035 1468 2077 ambaxiatori
1510 2036 1636 2077 detur
1678 2037 1828 2078 nostra
1860 2033 2004 2076 finalis

255 2104 433 2145 intentio
471 2106 513 2146 et
544 2104 782 2157 responsio,
825 2105 987 2146 bonum
1026 2106 1083 2146 sit
1116 2118 1248 2158 snper
1290 2106 1370 2147 hoc
1404 2106 1565 2147 habere
1600 2104 1945 2147 declarationem
1979 2104 2073 2146 2125

258 2173 369 2214 dicto
413 2173 582 2215 domino
630 2174 931 2225 ambaxiatore,
979 2177 1026 2216 ut
1069 2175 1223 2217 melius
1267 2176 1405 2229 possit
1453 2175 1677 2229 provideri
1726 2174 2004 2229 responsioni

258 2242 450 2296 fiende,²¹)
480 2244 595 2284 vadit
626 2257 740 2296 pars,
772 2245 885 2297 quod
916 2245 1025 2286 mitti
1052 2246 1240 2287 debeant
1263 2247 1317 2287 ad
1341 2246 1507 2287 dictum
1541 2246 1768 2288 dominum
1800 2245 2005 2287 comitem

258 2313 591 2354 ambaxiatorem
623 2314 863 2366 predictum
897 2315 981 2356 duo
1013 2329 1063 2356 ex
1088 2317 1246 2357 nostris
1269 2317 1323 2357 de
1347 2317 1531 2370 collegio
1555 2348 1563 2357 .
1589 2348 1598 2357 .
1633 2348 1642 2357 .
1667 2318 1710 2358 et
1732 2315 1817 2358 sibi
1841 2315 2004 2368 dicere,

262 2382 377 2434 quod
414 2385 558 2423 nostra
589 2383 821 2425 dominatio
855 2416 863 2424 .
888 2416 897 2425 .
922 2416 930 2426 .
965 2385 1049 2426 duo
1081 2386 1381 2440 principaliter
1414 2386 1594 2439 notavit,
1628 2418 1637 2428 .
1664 2418 1672 2428 .
1700 2419 1710 2429 .
1743 2387 1897 2441 postea
1922 2416 1932 2427 .
1959 2416 1969 2427 .
1993 2418 2003 2428 .

259 2450 550 2503 providebitur
581 2465 710 2506 super
742 2455 1023 2506 responsione
1056 2455 1212 2498 fienda.
2018 2455 2076 2497 30

372 2519 449 2560 Die
479 2520 671 2572 definitive
693 2521 877 2563 Amicort
908 2524 1029 2565 lautet
1060 2540 1126 2565 am
1157 2525 1196 2566 8.
1222 2525 1461 2568 December:
1494 2527 1685 2569 Intentio
1709 2525 1869 2568 summi
1890 2537 2004 2579 pon-

255 2589 380 2630 tificis
418 2591 495 2641 est,
534 2593 648 2644 quod
687 2594 909 2636 conducat
939 2595 1100 2637 dictum
1139 2596 1365 2639 dominum
1402 2610 1547 2651 regem
1590 2598 1645 2640 ad
1677 2598 1827 2651 partes
1860 2595 2003 2648 Italic,

259 2659 348 2699 sive
379 2659 436 2700 sit
466 2660 510 2700 in
541 2663 767 2703 concordio
800 2664 1027 2706 nobiscum
1058 2666 1148 2707 sive
1181 2680 1280 2708 non.
1329 2668 1683 2720 Respondemus,
1716 2667 1837 2722 quod
1858 2664 2002 2708 mani-

258 2728 365 2768 feste
402 2731 709 2782 cognoscimus,
749 2734 864 2785 quod
905 2735 1141 2777 descensus
1178 2750 1284 2778 suus
1328 2750 1415 2779 non
1462 2739 1612 2792 posset
1658 2751 1772 2790 esse,
1819 2735 1905 2779 nisi
1945 2735 2002 2779 ad

259 2797 413 2838 damna
443 2799 486 2838 et
512 2799 684 2842 sinistra
716 2803 850 2844 nostri
883 2804 1061 2847 dominii
1094 2840 1102 2847 .
1128 2838 1137 2847 .
1162 2840 1170 2848 .
1205 2807 1415 2860 Dicimus,
1447 2809 1580 2862 quod,
1613 2809 1650 2850 si
1674 2808 1771 2862 ipse
1794 2806 2000 2849 dominus
2016 2804 2073 2848 35

256 2877 329 2906 rex
369 2867 542 2908 deberet
578 2870 838 2913 descendere
878 2875 922 2914 et
960 2875 1258 2927 descenderet,
1296 2890 1384 2918 non
1422 2877 1641 2921 existente
1682 2875 1822 2921 amico
1861 2875 2003 2918 nostri

368 3015 397 3048 a)
417 3015 512 3043 fiendi
531 3018 603 3052 Rey.
