2216 3432
181 149 268 191 340
506 157 569 194 III.
593 156 793 192 Abschnitt.
842 154 1116 201 Vorgesohichte
1140 153 1202 188 des
1226 153 1450 188 Konstanzer
1472 139 1632 190 Konzils.

181 279 279 319 rege
311 264 566 318 Aragonum
603 262 763 305 illustri
801 274 937 315 super
974 260 1138 303 unione
1176 258 1470 301 ecclesiastica
1507 259 1551 301 et
1589 257 1815 301 nonnullis
1853 257 1949 303 aliis

182 336 261 378 Dei
299 333 528 376 servicium
561 332 926 375 concernentibus
958 329 1300 385 pertractandis,
1341 329 1499 371 dilecto
1531 327 1645 382 filio,
1678 328 1817 371 nobili
1854 329 1948 372 viro

181 408 313 449 Petro
336 404 508 447 Martini
541 404 594 445 de
625 403 800 446 Peralta
831 401 970 453 militi,
1004 399 1292 442 ambaxiatori
1323 401 1414 452 tuo,
1446 399 1639 441 succinte
1671 399 1860 442 diximus
1882 413 1948 454 ea,

181 477 235 518 de
274 475 435 530 quibus
475 487 574 516 cum
614 487 713 527 rege
755 472 951 527 predicto
999 470 1326 512 contuleramus
1368 483 1503 524 super
1543 469 1707 512 unione
1738 470 1949 524 predicta,

180 548 229 588 ut
259 548 302 587 te
336 546 388 587 de
421 544 505 586 illis
539 544 776 586 cerciorare
809 543 993 594 curaret,
1027 540 1298 582 remittentes
1326 542 1475 582 tamen
1497 540 1644 594 ipsum
1666 541 1722 582 ad
1743 541 1989 584 laciorem5

180 615 533 658 informationem
571 629 650 668 per
689 615 852 655 dictum
890 625 1035 665 regem
1074 611 1156 652 sibi
1189 611 1243 652 de
1275 611 1441 653 eisdem
1474 610 1733 664 faciendam,
1767 612 1843 666 qui
1874 625 1949 656 rex

181 701 234 729 ex
277 686 496 727 communi
535 685 849 726 deliberatione
882 683 1025 723 honus
1058 684 1312 735 susceperat
1344 682 1422 723 tibi
1454 681 1651 735 predicta
1681 681 1818 724 lacius
1849 683 1950 726 inti-

183 757 343 799 mandi.
408 756 494 797 Sed
539 769 655 796 nune
688 755 854 806 avisati,
888 754 1007 807 quod
1041 766 1121 794 nec
1153 766 1232 806 per
1264 752 1445 794 militem
1477 753 1724 806 predictum
1756 766 1837 796 nec
1867 768 1949 808 pro

181 830 304 882 parte
345 827 446 868 dicti
491 826 601 879 regis
643 827 722 868 tibi
765 826 818 867 de
860 825 926 865 1115
966 823 1131 876 aliquid
1170 823 1310 864 extitit
1343 823 1605 876 intimatum,
1647 837 1703 866 ne
1742 838 1794 867 ex
1826 838 1949 867 mora

182 911 358 940 causam
391 897 699 938 admiracionis
743 909 962 947 assumas,
1005 894 1277 935 decrevimus
1316 893 1415 946 tibi,
1454 895 1575 947 quod
1613 894 1784 949 prefato
1823 895 1949 938 militi
1966 895 2021 938 10

182 971 381 1021 diximus,
416 969 694 1023 presentibus
727 967 939 1009 intimare.

298 1041 360 1095 [1]
425 1041 478 1081 Et
524 1040 684 1093 primo,
724 1038 844 1091 quod
883 1036 1080 1090 requisiti
1119 1048 1198 1089 per
1238 1049 1382 1088 regem
1422 1036 1746 1089 Romanorum,
1786 1039 1835 1079 ut
1866 1050 1948 1079 nos

182 1113 224 1153 et
256 1125 330 1153 rex
361 1111 615 1164 Aragonum
648 1109 926 1163 supradictus
959 1107 1143 1149 velimus
1177 1119 1326 1147 secum
1359 1120 1439 1160 pro
1463 1107 1732 1149 conserendo
1757 1108 1811 1150 de
1834 1108 1949 1150 dicta

182 1182 472 1223 ecclesiastica
520 1181 682 1222 unione
728 1181 771 1221 111
811 1181 906 1221 1000
946 1178 1093 1230 aliquo
1133 1177 1386 1230 convenire,
1430 1190 1510 1219 nos
1553 1191 1651 1220 cum
1691 1179 1807 1220 dicto
1848 1193 1949 1233 rege

180 1253 434 1305 Aragonum
488 1251 826 1293 deliberavimus
876 1249 1047 1290 mittere
1100 1247 1422 1290 ambaxiatores
1472 1251 1647 1291 nostros
1700 1250 1754 1291 ad
1804 1262 1948 1303 regem
1965 1248 2020 1291 15

182 1324 483 1364 Romanorum
516 1323 773 1376 predictum,
807 1323 867 1369 111,
902 1321 936 1360 51
971 1319 1207 1374 perstiterit
1240 1319 1283 1359 111
1316 1319 1542 1362 voluntate
1575 1321 1703 1362 nobis
1735 1321 1947 1374 intimata,

182 1394 445 1434 concordent
478 1407 575 1433 cum
609 1408 660 1433 00
707 1393 760 1434 de
802 1393 897 1433 loco
946 1393 987 1432 et
1028 1393 1225 1443 tempore
1268 1392 1309 1431 01
1350 1391 1482 1431 1110(10
1521 1391 1810 1434 conveniendi
1842 1392 1947 1433 citra

182 1466 364 1514 montes,
400 1464 605 1504 avisaturi
630 1464 817 1505 eundem
842 1464 895 1503 de
921 1461 1330 1503 inconvenientibus
1354 1463 1396 1502 et
1419 1462 1558 1514 malis,
1591 1475 1676 1515 que
1700 1464 1946 1516 sperantur,

181 1535 215 1575 51
258 1535 301 1575 111
343 1535 681 1587 congregacione
724 1535 778 1574 de
822 1534 1019 1587 proximo
1062 1533 1229 1583 fienda,
1271 1535 1318 1574 ut
1356 1533 1411 1573 ab
1445 1532 1665 1586 aliquibus
1699 1533 1869 1586 dicitur,
1902 1533 1947 1575 in

182 1606 352 1647 civitate
386 1605 647 1646 Constancie
682 1606 943 1659 procedatur
976 1618 1054 1657 1101·
1086 1604 1199 1645 viam
1233 1603 1402 1644 concilii
1435 1603 1664 1657 generalis,
1697 1618 1795 1645 cum
1825 1604 1946 1646 nullo
1962 1603 2020 1644 20

181 1677 311 1716 modo
345 1676 575 1717 concilium
607 1690 703 1716 0550
727 1675 878 1728 possit,
912 1677 984 1715 aut
1010 1675 1043 1715 51
1072 1675 1112 1715 111
1137 1675 1290 1715 eadem
1316 1674 1596 1716 innoveretur
1614 1674 1793 1728 aliquid,
1827 1675 1947 1728 quod

182 1748 342 1800 prestet
380 1747 738 1799 impedimentum
772 1746 1063 1787 ecclesiastice
1097 1746 1261 1787 unioni.

299 1817 361 1872 [2]
427 1818 619 1858 Diximus
664 1817 845 1858 ulterius
886 1817 1002 1857 dicto
1048 1818 1177 1858 Petro
1217 1816 1409 1868 Martini,
1455 1816 1643 1870 qualiter
1680 1830 1815 1871 super
1853 1817 1948 1859 aliis

182 1888 459 1940 tangentibus
502 1888 660 1928 dictam
700 1888 906 1929 unionem
946 1888 1115 1929 diverse
1155 1887 1417 1929 collaciones
1451 1887 1624 1930 fuerant
1656 1888 1804 1930 habite
1837 1888 1949 1930 inter

183 1959 394 1999 litteratos
428 1972 572 1999 coram
606 1959 732 1999 nobis
765 1960 803 1999 et
841 1972 938 2011 rege
961 1960 1215 2011 Aragonum
1239 1959 1506 2011 supradicto,
1538 1961 1629 2000 tam
1651 1972 1785 2013 super
1806 1972 1948 2001 remo·
1963 1956 2019 1998 25

184 2029 306 2069 cione
339 2029 550 2069 obstaculi
586 2030 775 2082 appositi
804 2030 846 2070 in
877 2029 1163 2070 conciliabolo
1196 2029 1371 2079 Pisano,
1385 2030 1418 2084 ¹)
1442 2030 1536 2071 sine
1565 2030 1688 2071 cuius
1721 2030 1948 2072 amocione

184 2113 269 2139 non
316 2100 485 2140 videtur
532 2100 739 2153 possibile
789 2102 903 2141 recte
953 2102 1024 2140 aut
1070 2100 1249 2141 iuridice
1297 2114 1428 2154 posse
1474 2101 1651 2155 procedi
1698 2101 1753 2142 ad
1800 2113 1949 2143 veram

185 2170 389 2211 unionem
430 2170 678 2211 habendam
723 2171 763 2211 in
806 2172 987 2212 ecclesia
1026 2171 1118 2221 Dei,
1158 2184 1291 2224 quam
1333 2184 1468 2225 super
1505 2172 1601 2213 aliis
1634 2172 1689 2213 ad
1722 2172 1949 2214 materiam

184 2241 452 2281 facientibus.

301 2311 363 2365 [23]
428 2313 522 2352 Fuit
557 2313 691 2353 eciam
726 2315 888 2354 tactum
922 2313 1084 2354 ibidem
1118 2312 1172 2354 (10
1205 2313 1500 2355 convencione
1523 2315 1674 2355 nostra
1695 2315 1738 2356 et
1760 2313 1949 2355 duorum
1963 2310 2021 2353 30

185 2381 529 2423 adversariorum
564 2384 707 2424 fienda
742 2384 783 2424 in
818 2384 923 2424 locis
946 2383 1207 2437 propinquis
1231 2383 1337 2424 citra
1360 2385 1546 2436 montes,
1579 2385 1743 2427 scilicet
1764 2383 1950 2438 quilibet

185 2465 281 2492 cum
323 2454 445 2505 parte
491 2467 570 2493 51111
617 2454 658 2494 111
704 2467 791 2494 11110
837 2454 944 2495 loco.
1010 2455 1085 2496 Set
1130 2454 1234 2508 quia
1274 2454 1471 2508 predicta
1513 2456 1556 2497 et
1597 2455 1682 2496 alia
1719 2454 1950 2509 tangencia

183 2522 337 2563 modos
370 2537 446 2564 seu
480 2524 691 2576 practieas
725 2525 778 2565 ad
812 2538 959 2574 veram
989 2525 1198 2567 unionem
1220 2526 1472 2567 habendam
1495 2526 1725 2568 commode
1748 2524 1950 2567 concludi

184 2605 271 2632 11011
310 2596 493 2646 possunt
533 2595 625 2636 51110
668 2595 1051 2649 principalioribus
1091 2596 1146 2639 de
1184 2597 1384 2651 partibus
1422 2597 1632 2650 adversis,
1673 2596 1774 2639 ideo
1806 2596 1950 2639 visum

185 2664 263 2714 est,
304 2664 422 2716 quod
463 2678 542 2717 pro
584 2678 700 2706 nunc
743 2666 996 2708 intendatur
1034 2667 1089 2709 ad
1128 2669 1327 2710 mutuam
1366 2667 1710 2710 convencionem
1751 2667 1950 2709 nostram
1962 2662 2020 2706 35

184 2734 226 2773 et
258 2733 358 2774 dicti
392 2735 502 2788 regis
534 2735 787 2789 Aragonum
819 2750 918 2778 cum
950 2738 1123 2791 prefato
1155 2752 1255 2793 rege
1287 2739 1606 2792 Romanorum,
1639 2739 1682 2780 et
1708 2737 1770 2780 ihi
1790 2738 1950 2780 tracte-

182 2804 254 2844 tur
285 2804 338 2845 de
370 2805 511 2846 modis
544 2808 587 2847 et
617 2807 697 2848 viis
730 2808 953 2849 acomodis
992 2809 1048 2850 ad
1080 2808 1296 2862 prefatam
1328 2809 1552 2862 unionem,
1591 2810 1635 2851 et
1664 2809 1771 2851 tunc
1802 2808 1951 2850 omnia

185 2875 576 2917 comunicabuntur
606 2877 685 2919 tibi
716 2880 759 2920 et
798 2878 893 2919 aliis
925 2879 1101 2932 regibus
1133 2881 1176 2922 et
1206 2879 1480 2934 principibus
1512 2878 1769 2923 obediencie
1799 2879 1950 2921 nostre

303 3027 329 3071 ¹)
359 3025 431 3072 Vql.
458 3028 581 3062 hier-zu
606 3028 672 3064 Nr.
698 3029 743 3064 84
754 3030 783 3074 f.
