2216 3432
215 191 270 233 38
619 193 646 228 Ι.
672 190 868 227 Abschuitt.
918 180 1343 225 Unionsvorhandlungen
1366 177 1420 214 bis
1447 177 1550 213 1413.

336 301 582 357 Responsio
614 312 666 341 ex
695 297 822 351 parte
855 291 998 335 Caroli
1037 287 1203 331 minimi
1235 284 1461 328 servitoris
1501 283 1655 326 sancte
1687 281 1890 324 Romane
1920 281 1965 323 et

220 372 479 419 universalis
511 369 691 412 ecclesie
724 367 779 408 ad
809 378 878 415 ea,
916 374 1000 415 que
1042 357 1192 400 retulit
1223 355 1287 398 vir
1318 354 1518 409 egregius
1550 351 1754 395 dominus
1786 350 1965 395 Garsias

221 447 274 488 de
324 443 537 485 Turribus
584 439 636 480 de
685 434 889 479 Valencia
934 443 1013 485 pro
1064 429 1190 482 parte
1241 425 1359 479 apud
1410 421 1646 466 nonnullos
1698 420 1800 464 dicti
1850 433 1966 476 pape

219 512 458 557 Benedicti.

337 582 407 624 Ad
437 579 625 634 primum
667 574 924 629 capitulum,
965 569 1083 623 quod
1120 566 1294 620 incipit:
1344 563 1485 604 Primo
1525 569 1736 604 excusetur
1770 574 1887 602 mora
1925 555 2008 603 et5

227 653 343 695 finit:
381 647 620 701 remitterffl)
652 645 800 684 dictum
834 642 1043 687 Gai-siam,
1090 636 1351 689 respondet,
1385 634 1501 688 quod
1533 646 1622 674 non
1654 631 1747 673 sine
1774 629 1969 674 misterio

226 723 368 776 ipsum
407 719 560 761 secisse
597 727 762 757 moram
804 712 915 753 circa
954 708 1282 761 responsionem
1323 706 1471 758 putat,
1513 705 1555 745 et
1587 703 1803 756 quantum
1840 701 1886 742 in
1918 714 1970 744 eo

226 794 303 841 est,
337 789 545 831 altissimo
577 784 736 838 gratias
768 783 856 834 agit
897 781 949 821 de
982 777 1099 820 omni
1134 777 1362 826 dilacione,
1401 788 1487 828 que
1531 773 1643 815 facta
1683 774 1750 814 est
1787 772 1971 826 propter

224 861 363 903 mains
410 857 637 899 comodum
684 854 832 894 sancte
885 850 1035 891 matris
1082 847 1277 889 ecclesie.
1362 844 1696 897 Consequenter
1742 855 1847 884 vero
1894 854 1971 884 sue

226 928 458 972 clemencie
491 926 655 980 gracias
688 923 776 975 agit
808 922 851 962 et
880 919 1078 973 quamvis
1111 916 1381 958 insufficiens
1415 914 1709 967 indignusque
1741 911 1812 963 sit,
1845 925 1970 955 suam
1991 906 2044 949 10

223 998 497 1042 commendat
528 994 809 1049 prudenciam
851 990 894 1031 in
936 989 1160 1038 omnibus,
1201 1000 1286 1040 que
1327 986 1510 1039 propter
1552 984 1632 1025 hec
1675 983 1771 1037 ipsa
1804 982 1972 1025 distulit

223 1069 390 1113 facilins
423 1067 664 1118 meliusque
697 1061 964 1114 exequenda.

343 1138 411 1179 Ad
444 1136 561 1178 aliud
594 1133 847 1187 capitulum,
879 1130 995 1183 quod
1028 1127 1200 1181 incipit:
1245 1125 1428 1167 Secundo
1459 1131 1627 1180 arpo‘net
1656 1126 1699 1166 et
1730 1123 1851 1166 finit:
1890 1124 1975 1165 em>-

224 1208 410 1264 gsentihus
440 1206 659 1260 reperitur,
700 1202 956 1255 respondet,
990 1200 1105 1252 qnod
1139 1212 1215 1239 sne
1256 1196 1423 1250 gracias
1456 1196 1543 1248 agit
1592 1193 1888 1237 dominacioni
1929 1196 1975 1237 et

229 1294 252 1321 a
285 1277 457 1320 domino
491 1277 579 1317 Deo
620 1288 666 1314 se
705 1273 834 1314 talem
877 1271 967 1311 fieri
1009 1271 1287 1322 deprecatur,
1326 1267 1500 1320 qualern
1540 1280 1586 1307 se
1631 1265 1793 1307 factum
1831 1264 1975 1319 inquit
1992 1261 2044 1302 15

225 1348 485 1404 percepisse.

344 1418 412 1459 Ad
450 1415 630 1457 tercium
664 1413 779 1466 qnod
825 1411 999 1463 incipit:
1058 1408 1149 1449 Item
1187 1409 1288 1448 ‹le'cet
1329 1410 1372 1449 et
1409 1407 1528 1449 finit:
1570 1408 1717 1447 unione
1758 1412 1974 1456 coactatur,

230 1488 484 1542 respondet,
524 1485 662 1538 qnod,
704 1482 847 1523 divine
895 1480 1079 1522 bonitati
1118 1473 1219 1521 ante
1261 1479 1407 1521 omnia
1447 1477 1627 1519 redditis
1669 1477 1845 1529 graciis.
1888 1490 1977 1519 non

229 1559 454 1601 deserente,
487 1556 609 1597 aliter
642 1554 783 1607 ipsum
808 1553 1010 1593 (Iarolmn
1045 1550 1179 1591 divini
1205 1551 1396 1591 numeris
1419 1549 1669 1598 iniluencia,
1703 1551 1745 1590 et
1779 1547 1813 1589 si
1837 1548 1977 1590 dictus

231 1628 429 1670 dominus
452 1625 714 1666 Benedictus
747 1622 881 1663 hostis
916 1622 1063 1663 suisset
1091 1634 1266 1662 snorum
1297 1619 1623 1674 progenitorum
1656 1619 1794 1672 ipsius
1818 1613 2049 1670 Ca¹·oli‚20

232 1698 523 1751 suiquemet¹¹)
561 1708 645 1735 non
685 1695 822 1734 solnm
864 1692 1049 1732 suis-sent
1090 1690 1278 1732 benivoli
1311 1693 1377 1731 set
1411 1692 1559 1744 patres
1593 1692 1667 1731 aut
1700 1691 1861 1731 inatres
1902 1691 1979 1731 aut

233 1770 386 1810 fratres
419 1768 492 1808 aut
526 1778 696 1805 sorores
727 1766 797 1804 aut
834 1763 921 1806 filii,
955 1765 1027 1803 ant
1055 1764 1219 1815 quanto
1252 1761 1439 1814 amplius
1473 1760 1742 1802 considerari
1765 1760 1978 1812 valerent,

231 1837 442 1881 intrinsici
485 1838 527 1876 et
559 1834 767 1876 carissimi
806 1833 952 1878 amici,
992 1833 1173 1874 Carolus
1213 1830 1382 1873 ins-licie
1416 1831 1519 1873 dicti
1555 1830 1718 1873 domini
1750 1830 1978 1873 Benedicti

231 1909 350 1950 nulla
382 1907 568 1955 racione,
601 1905 645 1945 in
677 1907 889 1957 qnantum
922 1904 1212 1956 cognosceret.
1246 1904 1489 1955 derogaret,
1523 1903 1646 1943 tanto
1678 1901 1810 1955 igitur
1840 1902 1978 1955 magis

235 1979 377 2033 potest
409 1977 624 2018 considero
658 1976 823 2016 attenta
857 1988 1008 2026 magna
1043 1977 1078 2014 el
1116 1975 1307 2026 perfecta
1341 1972 1549 2013 amicicia.
1584 1971 1712 2025 que2)
1751 1972 1831 2014 suit
1863 1972 1979 2014 inter
1994 1967 2047 2007 ‘25

236 2047 457 2089 dominnm
504 2045 701 2099 Egidinm
742 2045 962 2098 qnondam
1009 2044 1274 2085 cardinalem
1323 2043 1610 2084 Sabinensem
1664 2045 1708 2084 et
1756 2042 1979 2085 dominum

236 2119 405 2170 Lupum
453 2118 504 2157 de
554 2117 675 2157 Luna
723 2115 1100 2167 archiepiscopum
1150 2116 1598 2166 (Iesarangnstensem
1651 2116 1693 2155 et
1746 2113 1978 2167 utriusque

235 2188 427 2241 ipsorum
460 2186 757 2239 progenitores
790 2188 829 2226 et
865 2186 1231 2235 consanguineos,
1266 2185 1467 2225 videlicet
1506 2183 1645 2236 ipsius
1679 2184 1781 2225 dieti
1816 2183 1977 2226 domini

233 2256 458 2299 Benedicti
491 2258 532 2297 et
564 2255 755 2296 eiusdem
787 2255 941 2296 Caroli.
992 2255 1166 2296 Andivit
1203 2249 1392 2307 nain'que
1426 2255 1480 2296 al)
1507 2254 1611 2295 olim
1644 2254 1820 2296 domino
1852 2256 1979 2308 patre

231 2341 323 2379 suo,
358 2329 566 2380 quantum
600 2326 758 2367 favoris
791 2329 832 2366 et
865 2326 1005 2378 gracie
1050 2341 1073 2367 a
1108 2326 1338 2367 recolende
1372 2326 1582 2367 memorie
1616 2324 1794 2367 domino
1827 2324 1979 2377 Egidio
1994 2319 2052 2361 30

232 2399 275 2439 et
306 2397 393 2438 suis
426 2396 636 2449 suscepit3
669 2396 864 2437 similiter
888 2410 1019 2449 qnam
1053 2396 1239 2437 fideliter
1272 2396 1353 2438 sibi
1388 2397 1568 2450 suisque
1601 2396 1696 2449 ipse
1730 2409 1856 2438 versa
1889 2395 1980 2438 vice

233 2467 419 2509 servivit.
482 2467 535 2508 Et
573 2467 651 2508 scit
689 2467 880 2508 veridica
920 2467 1136 2508 relacione
1178 2467 1403 2509 dominum
1442 2467 1716 2509 Malatestam
1755 2467 1980 2519 Ungarum

234 2538 392 2591 prefati
426 2537 565 2578 Caroli
596 2537 774 2579 fratrem
806 2538 1051 2590 patruelem
1093 2538 1137 2578 in
1171 2537 1264 2588 die,
1303 2551 1391 2591 qno
1424 2537 1642 2579 exercitus
1676 2536 1841 2578 domini
1872 2536 1980 2579 Ber-

233 2606 416 2649 nabonis
449 2605 826 2662 castrametatus&
869 2610 1021 2650 contra
1052 2608 1294 2650 Bononiam
1327 2608 1510 2650 ecclesie
1542 2609 1623 2650 sub
1655 2607 1980 2662 guber-nacione

231 2677 415 2730 predicti
449 2677 610 2719 domini
640 2678 780 2730 Egidii
822 2678 1041 2720 subditam
1084 2679 1338 2721 conflictum
1376 2679 1570 2732 suscepit
1608 2691 1746 2732 prope
1778 2679 1979 2720 sanctum
1995 2672 2049 2716 35

235 2747 512 2799 Roffinumc),
544 2748 706 2790 milicia
736 2748 969 2802 insignisse
1002 2749 1227 2791 dominum
1253 2749 1504 2792 Gomecium
1544 2747 1783 2804 prescripti
1815 2746 1982 2791 domini

345 2922 375 2956 a)
394 2922 433 2949 So
454 2922 502 2949 die
522 2922 753 2957 schwert'dlliqe
773 2923 1015 2951 Konstruktt'on.
1087 2923 1119 2958 b)
1141 2924 1419 2952 castramentatus
1439 2925 1474 2952 B.
1549 2925 1578 2959 c)
1598 2923 1765 2953 Rnfflllum
1785 2923 1822 2952 Β.

351 2979 378 3024 ¹)
402 2978 443 3014 In
467 2980 528 3014 der
553 2979 767 3015 lustrali-tion
793 2982 975 3016 dimittere.

351 3037 373 3074 ⁹)
401 3038 465 3073 Am
490 3038 611 3075 Rande
637 3039 747 3074 stelat:
772 3040 879 3076 nichil
904 3041 947 3076 ad
974 3042 1127 3080 rubrum.
