2216 3432
262 177 317 220 26
670 187 700 219 1.
726 183 923 219 Abschnitt.
955 180 1395 228 ‚Unionsverhandlungen
1419 180 1474 215 bis
1501 180 1602 218 1413.

260 305 358 335 cum
389 293 529 347 liiisa),
555 290 637 346 qui
660 291 849 332 minores
881 289 1037 330 saltem
1068 287 1113 328 in
1143 285 1419 340 possessione
1451 286 1565 329 sunt.
1597 284 1857 341 Supplicob)
1893 298 2011 340 ergo,

262 362 485 416 sapiencia
516 362 702 415 vesu-ac)
734 359 937 412 dignetur
968 357 1152 409 intueri,
1184 358 1293 410 quot
1323 356 1394 398 hic
1425 355 1595 399 fallacie
1626 357 1768 399 latent
1798 358 1844 399 et
1875 370 2011 411 quam

261 432 507 487 periculosa
543 432 623 472 hec
662 431 732 472 via
770 430 826 472 sit
872 442 959 470 non
1005 428 1147 470 solum
1194 427 1398 480 partibus
1444 429 1512 469 set
1559 426 1763 470 universe
1809 425 2012 483 sancted)

262 501 443 544 ecclesie
474 503 602 543 bono.

379 571 523 613 Primo
556 584 744 623 namque
775 570 1030 622 sequeretur
1063 568 1144 608 1100
1177 566 1504 618 inconveniens,
1537 567 1670 621 quod,
1704 567 1777 608 ubi
1811 566 2050 621 queritur5

268 641 517 696 iudiciume)
558 643 723 682 rectum
763 639 867 688 fore,
898 638 1022 679 fieret
1054 637 1281 690 obliquum
1314 636 1478 690 duplici
1511 636 1684 679 racione
1717 635 2010 692 verisimiles).

267 712 321 752 Et
351 711 490 764 prima
534 714 619 762 est,
657 723 754 751 cum
791 708 974 762 quilibet
1005 722 1055 749 ex
1087 706 1476 757 contendentibus,
1519 710 1568 749 ut
1604 708 1666 749 ita
1699 707 1867 758 dicant,
1900 707 2010 750 alios

261 781 375 823 dicat
421 781 624 822 unionem
676 779 955 833 impedivisse
1008 780 1186 832 propter
1218 777 1522 825 ambicionem,
1575 779 1620 819 et
1671 790 1768 818 cum
1820 778 2009 831 quilibet

260 851 394 892 semel
434 851 572 892 malus
610 863 782 903 semper
819 851 1100 903 presumatur
1140 848 1301 899 malus,
1341 847 1575 889 verisimile
1607 849 1693 898 est,
1736 849 1855 902 quod
1886 848 2008 902 quis-

259 921 356 973 quis
390 934 539 962 eorum
571 920 832 962 ambiciosus
866 920 1042 973 nichil‘)
1073 919 1291 971 relinquat
1323 931 1422 959 cum
1455 919 1581 972 parte
1614 931 1694 960 sua
1725 918 1918 972 operari,
1958 920 2007 961 ut
2026 921 2078 962 10

259 1004 372 1044 papa
404 993 636 1040 remaneat,
669 992 712 1031 et
744 989 1105 1044 promissionibus
1138 1002 1368 1029 munerum
1402 1001 1488 1030 non
1521 990 1672 1041 parcet
1694 990 1878 1043 propter
1909 989 2005 1042 hoc,

260 1062 324 1111 ut,
368 1062 600 1113 antequam
642 1061 695 1102 ad
722 1059 927 1101 iudicium
960 1059 1192 1100 conveniat
1231 1072 1330 1100 cum
1363 1058 1625 1100 adversariis
1667 1058 1772 1110 suis,
1811 1059 2006 1112 prelatos

258 1144 334 1171 sue
367 1131 505 1184 partis
538 1130 620 1172 sibi
652 1127 924 1183 benivolosh)
963 1130 1016 1170 ad
1048 1129 1279 1170 concilium
1313 1129 1443 1170 ducat
1480 1130 1524 1170 et
1556 1129 1732 1171 odiosos
1765 1129 1897 1172 faciat
1928 1130 2005 1172 ad-

259 1198 516 1255 versariis¹),
563 1214 614 1241 ex
646 1198 852 1255 quibus-k)
885 1197 1104 1253 quidem¹>
1144 1200 1327 1247 duobus,
1366 1213 1514 1240 amore
1553 1199 1718 1240 scilicet
1749 1201 1794 1241 et
1831 1199 2003 1255 odiom),

257 1270 535 1312 manifestum
584 1274 650 1311 est
697 1271 957 1323 plerumque
1005 1270 1204 1311 homines
1237 1283 1261 1310 a
1294 1269 1526 1324 veritaten)
1565 1269 1796 1312 divertere.
1875 1270 1929 1311 Et
1967 1270 2073 1313 sil5

257 1340 596 1392 respondeatur,
645 1342 762 1393 quod
803 1341 884 1382 hoc
928 1342 1070 1382 facere
1118 1342 1321 1393 possent,
1370 1340 1492 1389 dato,
1540 1340 1659 1393 quod
1699 1353 1910 1393 comune,
1958 1342 2004 1384 ut

252 1410 510 1462 petebam⁰>‚
551 1412 900 1463 congregarenff)
949 1409 1203 1459 concilium,
1237 1409 1441 1451 videlicet
1492 1410 1707 1452 beneficia
1753 1410 1912 1453 offerre
1960 1413 2005 1454 et

255 1479 354 1520 odia
386 1479 619 1529 seminare,
654 1480 881 1535 replico‘¹),
924 1482 1041 1534 quod
1080 1494 1167 1521 non
1200 1483 1329 1535 tam¹)
1366 1480 1549 1522 faciliter
1588 1494 1666 1522 nec
1707 1483 1795 1523 tam
1834 1482 2003 1524 occulte

253 1550 374 1602 hecz)
415 1552 593 1602 possent
627 1550 804 1592 tractari
838 1554 882 1592 et
916 1551 1020 1591 fieri.
1094 1551 1146 1591 Et
1178 1551 1281 1604 quia
1315 1564 1401 1592 non
1435 1553 1616 1604 possent
1647 1550 1787 1607 fieri²)
1819 1552 2001 1604 occulte,

258 1618 460 1660 remediis
493 1619 674 1661 facilitas
713 1622 944 1672 adessetu),
986 1623 1030 1661 et
1068 1624 1256 1663 tractare
1290 1622 1333 1662 ct
1362 1623 1592 1675 acceptare
1625 1622 1749 1664 multi
1782 1623 2001 1671 timerent,
2017 1624 2074 1665 20

251 1692 450 1730 verentes
482 1689 743 1743 supplicium
776 1693 817 1732 et
849 1691 1161 1733 confusionem.

366 1760 578 1811 Secundo,
612 1764 658 1802 ut
690 1762 812 1815 prius
845 1762 1006 1803 dictum
1039 1765 1117 1813 est,
1151 1765 1413 1816 sequeretur
1445 1762 1636 1817 suspicio
1670 1762 1839 1805 iudicis.
1891 1765 2001 1806 Dato

250 1830 387 1880 enim,
428 1832 544 1883 quod
577 1832 722 1873 nullus
762 1833 841 1874 hoc
873 1835 1092 1886 quereret,
1137 1833 1332 1888 quelibet
1372 1834 1567 1887 parcium
1607 1837 1813 1888 suspecta
1846 1835 2001 1877 redde-

251 1901 366 1940 retur
398 1902 439 1941 ct
470 1913 547 1953 per
569 1915 842 1955 consequens
867 1903 1001 1958 illei),
1034 1917 1121 1957 que
1145 1905 1497 1955 succumberent,
1522 1904 1631 1946 sorte
1648 1907 1693 1960 w)
1726 1905 1999 1947 declinarent

250 1969 471 2021 iudiciuin,
505 1972 739 2024 allegantes
754 1975 792 2028 ¹)
824 1974 1013 2015 iudicem
1046 1977 1300 2027 suspectum
1335 1988 1422 2017 non
1455 1975 1838 2017 irracionabilibus
1871 1989 1998 2030 argu·
2015 1977 2069 2018 25

252 2040 421 2081 mentis.
471 2041 523 2082 Et
555 2042 591 2082 si
626 2045 979 2097 responderetur,
1013 2046 1131 2098 quod
1164 2046 1242 2086 hec
1279 2046 1395 2087 racio
1425 2047 1744 2102 procederet-v),
1778 2059 1999 2098 concess0,

249 2111 412 2165 quodZ)
465 2112 692 2154 concilium
741 2117 1073 2168 congregarent,
1129 2118 1174 2157 ut
1218 2115 1403 2170 petitur,
1454 2116 1702 2171 sephama),
1734 2118 1852 2171 quod
1897 2130 1999 2169 non,

248 2179 415 2221 racione
447 2181 491 2222 in
524 2182 875 2239 replicacione¹''')
906 2186 1116 2238 predicta.

363 2251 515 2292 Tercio
556 2255 745 2306 quodff),
781 2255 855 2296 ubi
898 2255 1000 2297 unio
1038 2258 1259 2310 queritur,
1300 2258 1355 2299 ab
1389 2258 1589 2311 augendo
1623 2258 1861 2300 divisiones
1903 2257 1999 2300 ani-

247 2333 414 2361 molum
455 2321 747 2379 incipiunt‘ffl),
785 2326 889 2379 quia
922 2328 1288 2383 1111usqi1isq11e⁰⁹)
1321 2328 1572 2382 parcialiter
1604 2329 1759 2371 videns
1806 2343 1853 2371 se
1895 2342 1997 2371 con-
2013 2328 2071 2370 30

246 2391 410 2443 gregari
449 2393 583 2444 magis
629 2394 874 2437 efficeretur
911 2397 1127 2450 parcialis.
1200 2399 1253 2439 Et
1292 2399 1326 2440 si
1377 2401 1740 2453 responderetur,
1789 2400 1908 2454 quod
1948 2413 2000 2441 ex

246 2460 326 2500 hoc
359 2474 444 2502 non
467 2463 600 2517 magis
632 2467 777 2518 partes
799 2469 1084 2519 augerentur,
1117 2468 1221 2522 quia
1244 2469 1547 2523 unusquisque
1576 2472 1748 2524 partem
1780 2469 2000 2524 cognoscit

246 2541 366 2571 suam
399 2535 442 2574 et
473 2533 695 2590 omninofl)
732 2535 777 2577 in
814 2537 889 2579 illa
932 2538 1218 2581 confirmatus
1254 2539 1441 2593 videtur,
1482 2540 1670 2594 replico,
1709 2554 1863 2583 verum
1903 2554 1999 2583 esse

359 2716 388 2750 a)
413 2717 464 2744 his
485 2720 513 2745 (J.
567 2720 599 2750 1))
620 2721 785 2756 supplicat
805 2723 833 2749 (J.
882 2724 911 2757 c)
932 2725 968 2751 ut
988 2724 1167 2753 clemencia
1186 2726 1274 2760 regis
1295 2727 1323 2754 θ’.
1379 2726 1411 2762 d)
1433 2727 1590 2755 universo
1611 2727 1754 2756 ecclesie
1775 2728 1805 2756 Ο.
1859 2728 1890 2762 e)
1910 2727 1999 2762 quod

245 2759 398 2789 iudicium
419 2763 462 2790 sit
481 2767 605 2793 certum
627 2768 654 2793 (ἰ
726 2768 752 2803 f)
772 2770 997 2798 verisimiliter
1017 2773 1046 2799 s'.
1118 2774 1150 2806 g)
1172 2772 1252 2800 nihil
1274 2775 1303 2799 (ἱ
1370 2773 1402 2808 Ιι)
1423 2774 1603 2802 benevolos
1623 2775 1653 2802 Ο.
1712 2774 1735 2809 i)
1755 2774 1828 2803 adv.
1848 2774 1949 2802 faciat
1969 2774 1998 2802 U.
2014 2776 2068 2818 35

246 2807 278 2840 k)
299 2807 349 2835 his
370 2810 397 2836 0.
486 2811 508 2844 1)
535 2813 617 2840 enim
639 2816 666 2840 (¹.
756 2817 798 2849 m)
824 2823 935 2849 amore
956 2818 1083 2845 seilicet
1103 2822 1136 2846 et
1156 2819 1231 2847 odio
1251 2820 1332 2854 fehlt
1353 2822 1381 2848 C.
1472 2822 1504 2855 n)
1530 2821 1656 2849 virtute
1683 2823 1712 2849 Ο.
1802 2822 1834 2855 o)
1861 2820 1999 2849 Carolus

245 2854 376 2887 petebat
396 2857 424 2882 (¹.
495 2858 526 2892 p)
547 2863 801 2895 congregaretur
821 2864 849 2890 C.
904 2865 937 2898 q)
958 2865 1139 2899 replicatur
1159 2868 1186 2893 ζ’.
1260 2867 1286 2899 r)
1311 2867 1394 2894 Fehlt
1414 2869 1450 2895 B.
1511 2868 1540 2902 s)
1560 2869 1697 2903 possent
1716 2868 1776 2896 hec
1797 2869 1826 2896 C'.
1880 2868 1906 2903 t)
1926 2867 1999 2896 fleri

244 2908 307 2927 non
327 2905 461 2935 possent
480 2906 508 2931 U.
598 2908 628 2939 n)
649 2908 815 2941 provideri
835 2912 950 2944 posset
968 2912 1027 2944 sil]-
1047 2919 1124 2939 rem.
1146 2912 1205 2940 fac.
1229 2913 1362 2941 adesset
1382 2915 1411 2942 0.
1497 2915 1528 2949 v)
1555 2914 1613 2942 ille
1634 2915 1688 2950 qui
1710 2914 1942 2942 succumberet
1969 2914 1999 2942 0.

244 2947 285 2979 w)
306 2947 390 2975 forte
408 2949 486 2982 fehlt
506 2952 541 2977 Β.
561 2952 741 2982 declinaret
761 2956 789 2982 C‘.
896 2958 927 2990 x)
948 2957 1098 2993 allegans
1119 2960 1147 2986 0.
1254 2961 1286 2994 y)
1307 2961 1397 2989 esset
1417 2962 1446 2989 0.
1554 2962 1583 2996 z)
1604 2962 1692 2996 quod
1712 2961 1949 2990 conciliaretur
1969 2961 2000 2989 0.

245 2993 295 3045 aa)
315 2994 494 3047 replicatur
514 2998 542 3024 C'.
615 3000 668 3034 bb)
688 3000 954 3037 interplicatione
974 3006 1010 3032 Β.
1084 3006 1132 3040 cc)
1153 3006 1241 3040 quod
1260 3007 1341 3041 fehlt
1362 3008 1391 3036 0.
1464 3007 1519 3045 dd>
1540 3008 1719 3046 incipietur
1739 3009 1768 3037 Ο.
1857 3008 1907 3046 ee)
1934 3008 2000 3037 Vos·
2013 3010 2072 3054 40

245 3039 314 3070 hier
334 3040 381 3073 διε
400 3044 622 3084 unusquisque
641 3048 768 3085 partem
786 3049 866 3087 fehlt
887 3050 916 3081 0.
998 3050 1033 3087 ff)
1052 3051 1160 3083 animo
1182 3053 1212 3082 0.
