2216 3432
22 77 49 107 Χ,

0 107 19 118 ιν

413 179 452 215 G.
478 179 676 222 Malatesta,
702 179 837 224 Gregor
861 179 945 215 XII.
972 178 1044 212 und
1071 178 1247 212 Benedikt
1271 177 1373 215 XIII.
1402 179 1646 213 1410—1413.
1674 177 1735 214 Nr.
1766 178 1797 213 9.
1958 168 2012 207 5‘.)

230 302 312 331 seu
344 302 396 330 ex
427 287 713 336 muneribus,
752 300 828 328 seu
870 300 924 328 ex
960 286 1137 337 timore,
1181 287 1348 340 quanto
1389 285 1453 327 illi
1493 285 1728 339 augeretur
1767 285 2013 327 dominium

229 359 476 413 temporale
527 357 739 412 predictis
787 357 1035 400 rationibus
1081 356 1390 411 usurpacionis
1444 355 1704 398 obediencie
1752 355 2012 409 spiritualis,

230 431 368 473 maior
401 431 588 474 facultas
620 430 898 484 preberetur,
932 442 1019 482 que
1042 431 1209 482 quante
1241 428 1387 470 forent
1419 427 1590 470 iacture
1623 427 1670 469 in
1702 427 2014 482 spiritualibus

231 503 278 544 et
317 501 638 556 temporalibus
686 501 837 543 sancte
887 501 1090 542 Romane
1138 501 1182 541 et
1231 499 1472 541 universali
1521 499 1727 549 ecclesie,
1771 498 2015 552 quemlibet

190 576 320 616 511011
359 573 515 615 insane
556 572 716 614 mentis
755 571 882 614 fateri
926 585 1110 613 necesse
1152 573 1231 612 est.
1297 570 1367 612 Ad
1412 569 1666 623 fugiendum
1707 584 1810 623 ergo
1854 569 2014 610 damna

232 646 418 687 ecclesie
437 646 639 687 Romane
665 645 872 686 recedere
891 644 945 685 de
964 643 1094 685 Italia
1116 644 1159 684 et
1181 644 1271 684 tam
1294 643 1422 695 longe
1445 643 1655 683 accedere
1679 640 2013 682 contradiceret.

349 716 419 758 Ad
451 715 776 758 vendicandam
809 717 958 757 autem
992 714 1231 756 utilitatem
1264 714 1461 768 predicte
1505 713 1689 755 ecclesie
1732 715 1864 767 putat
1907 712 2014 753 utile

231 789 324 831 fore
363 787 708 830 convencionem
748 779 950 840 ipsorum
998 787 1053 828 ad
1100 785 1291 828 invicem
1339 784 1435 826 fieri
1476 784 1521 826 in
1565 784 1715 826 Italia:
1765 797 1865 826 nam
1911 782 2015 837 quia

229 858 570 914 propinquiores
605 861 736 901 erunt
768 858 900 900 tertio
934 857 1208 909 adversario,
1248 856 1422 899 facilius
1462 857 1630 910 poterit
1662 857 1879 897 tractatus
1912 868 2014 896 vere

161 933 214 974 10
230 931 409 972 unionis
449 929 651 973 ventilari
700 933 742 971 et
783 929 963 972 domino
1001 929 1191 971 faciente
1231 929 1449 970 concludi.
1514 927 1624 983 Aca)
1663 928 1698 969 si
1742 941 1794 968 ex
1838 927 2014 968 defectu

230 1016 311 1044 suo
344 1002 529 1049 steterit,
562 1002 671 1055 quin
697 1002 800 1043 unio
833 1003 988 1055 optata
1020 1015 1108 1042 non
1141 1002 1368 1053 sequatur,
1403 1000 1508 1054 quia
1537 999 1768 1052 patencius
1802 998 2016 1040 videbunt

230 1071 442 1129 subditib)
475 1073 659 1115 ecclesie
691 1073 831 1126 ipsius
864 1072 1129 1126 pravitatem
1163 1074 1207 1113 et
1239 1072 1439 1126 ipsorum
1464 1072 1651 1114 duorum
1674 1071 1836 1111 bonam
1870 1069 2015 1111 inten-

231 1145 412 1197 tionem,
446 1146 501 1187 ab
534 1144 632 1198 ipso
666 1145 893 1196 recedent3
939 1144 1058 1198 quod
1100 1156 1189 1185 non
1234 1143 1278 1184 in
1318 1156 1501 1196 parvam
1535 1142 1675 1197 ipsius
1709 1141 2015 1183 confusionem

230 1216 498 1258 redundabit
537 1218 581 1258 et
629 1215 827 1258 veritatis
865 1215 1081 1267 favorem,
1123 1229 1211 1256 uon
1250 1215 1394 1256 solum
1438 1228 1584 1256 coram
1634 1213 1860 1268 Ytalicis‘)
1902 1210 2013 1263 set‘¹)

162 1290 213 1330 15
231 1287 408 1342 etiame)
441 1300 590 1329 coram
622 1287 781 1329 ceteris
814 1286 1081 1328 christianis.

352 1359 560 1400 Ceterum
595 1360 630 1400 si
665 1359 775 1401 alter
808 1358 1006 1413 ipsorum
1042 1359 1293 1399 remaneret
1334 1371 1452 1411 papa
1486 1357 1553 1398 vel
1587 1356 1701 1398 alius
1735 1369 1816 1408 per
1852 1368 2015 1396 renun-

232 1429 474 1471 ciacionem
507 1429 707 1484 ipsorum
740 1430 943 1483 eligatur,
990 1430 1114 1471 labor
1148 1428 1358 1479 cessabit,
1401 1429 1557 1470 saltem
1593 1442 1681 1482 quo
1715 1428 1770 1468 ad
1804 1426 2013 1468 maiorem

236 1502 435 1554 partem,
485 1501 751 1555 temporalia
797 1502 914 1542 bona
962 1500 1145 1542 ecclesie
1195 1497 1479 1554 acquireref).
1544 1500 1788 1552 Expertum
1837 1497 2017 1550 quidem

234 1571 311 1613 diu
344 1573 427 1614 fuit
459 1574 642 1626 propter
681 1572 934 1614 absenciam
969 1571 1160 1613 Romani
1198 1570 1446 1624 pontificis,
1486 1573 1651 1612 statum
1684 1569 1824 1623 ipsius
1859 1567 2016 1621 dilapi-

162 1646 219 1685 ‘20
234 1643 389 1684 datum
429 1645 474 1685 et
516 1643 668 1697 sepius
706 1643 931 1696 perditum
979 1644 1024 1683 et
1083 1656 1162 1695 per
1201 1641 1341 1695 ipsius
1374 1641 1654 1695 presenciam
1688 1641 2014 1693 recuperatum.

233 1713 343 1755 Tam
385 1713 520 1766 igitur
558 1716 744 1768 propter
783 1715 995 1756 damnum
1027 1713 1283 1755 evitandum
1326 1726 1460 1767 quam
1502 1714 1686 1766 propter
1719 1712 1827 1754 utile
1860 1711 2015 1752 vendi-

233 1786 425 1826 candum
458 1799 573 1839 pape
598 1785 807 1838 Gregorio
830 1785 1006 1826 videtur
1029 1785 1178 1838 potius
1211 1785 1360 1838 ipsum
1393 1786 1437 1825 et
1471 1784 1699 1825 dominum
1722 1783 2015 1824 Benedictum

234 1856 472 1898 convenire
508 1857 669 1898 debere
703 1856 748 1897 in
781 1856 971 1911 Ytaliass>
1005 1870 1138 1910 quam
1179 1858 1321 1908 extra,
1366 1857 1468 1897 dato
1507 1856 1626 1909 quod
1666 1853 1940 1908 possibilitas
1973 1856 2016 1894 et

232 1927 391 1969 modus
424 1928 718 1970 conveniendi
750 1926 995 1982 ydoneus¹¹)
1029 1930 1073 1969 et
1108 1928 1277 1982 equalis
1311 1927 1488 1981 utrique
1522 1928 1648 1969 foret.

162 2000 217 2042 25
352 1999 407 2040 Et
439 1998 477 2040 si
508 2000 653 2041 dictus
676 1999 946 2042 Benedictus
969 2000 1161 2041 voluerit
1194 2001 1249 2042 ad
1282 2001 1432 2053 partes
1454 1999 1596 2040 Ytalie
1630 1998 1852 2044 accedere,
1887 1996 2016 2038 offert

233 2082 351 2123 papa
391 2071 626 2124 Gregorius
670 2071 733 2113 illi
773 2072 882 2113 duas
922 2070 1145 2123 civitates,
1185 2084 1296 2124 quas
1334 2071 1472 2112 habet
1518 2070 1641 2111 iuxta
1685 2083 1824 2120 mare,
1875 2069 1924 2110 ut
1962 2068 2015 2109 ad

233 2141 419 2183 alteram
458 2141 674 2195 ipsarum,
718 2156 853 2196 quam
887 2143 1116 2194 maluerit,
1151 2142 1288 2195 possit
1323 2142 1488 2184 venire.
1554 2142 1747 2183 Nomina
1789 2139 2016 2181 civitatum

234 2214 339 2254 sunt
370 2212 624 2255 Ariminum
657 2216 696 2255 et
732 2214 915 2266 Fanum,
955 2215 1050 2256 loca
1090 2215 1197 2255 satis
1230 2214 1378 2267 ampla
1417 2215 1460 2255 et
1493 2215 1591 2254 tuta
1622 2215 1666 2254 et
1697 2213 1812 2254 bene
1846 2210 2018 2252 munita

234 2296 313 2337 per
356 2283 552 2327 divinam
598 2285 784 2339 gratiam
824 2286 879 2327 ab
920 2285 1040 2328 omni
1089 2286 1237 2326 hostili
1281 2285 1477 2326 incursu.
1551 2285 1606 2326 Et
1647 2297 1781 2337 quam
1830 2283 2013 2324 istarum

163 2358 220 2399 30
234 2354 385 2407 eliget,
411 2356 542 2398 faciet
581 2357 628 2398 in
660 2357 867 2398 manibus
907 2356 999 2398 suis
1032 2357 1171 2398 libere
1204 2356 1441 2410 assignari,
1486 2358 1534 2397 ut
1566 2357 1707 2410 possit
1751 2355 1811 2396 ibi
1846 2355 1941 2395 tute
1975 2355 2017 2394 ct

234 2426 371 2468 libere
404 2428 537 2479 stare,
572 2429 712 2470 donec
744 2429 961 2470 tractatus
994 2442 1118 2470 sacre
1153 2427 1330 2470 unionis
1363 2427 1562 2479 durabit,
1601 2429 1643 2468 et
1675 2427 1778 2468 inde
1811 2426 2016 2467 recedere

233 2511 315 2552 pro
355 2498 481 2540 libito
521 2500 775 2541 voluntatis.
839 2500 894 2541 Et
947 2499 984 2541 si
1036 2499 1287 2541 Ariminum
1345 2499 1498 2554 eliget,
1547 2499 1623 2541 ubi
1681 2497 2016 2552 presencialiter

235 2570 304 2610 est
335 2582 453 2622 papa
486 2570 722 2624 Gregorius
738 2570 784 2626 ¹),
826 2571 974 2624 ipsum
1007 2571 1241 2613 evacuabit
1283 2574 1328 2613 et
1361 2570 1447 2612 sibi
1481 2571 1619 2612 libere
1661 2569 1856 2611 dimittet
1888 2570 1931 2609 et
1964 2567 2019 2608 ad

235 2641 371 2682 alium
410 2641 557 2683 locum
598 2641 662 2683 illi
700 2641 1005 2696 propinquum
1045 2643 1250 2694 accedet,
1295 2644 1343 2684 ut
1385 2642 1560 2696 possint
1601 2641 1772 2683 facilius
1807 2639 1861 2681 de
1895 2651 2018 2680 sacra

165 2714 219 2756 35
234 2711 398 2753 unione
431 2714 621 2754 tractare
671 2715 715 2754 et
771 2713 949 2756 domino
989 2714 1260 2755 concedente
1301 2714 1580 2755 concludere.
1645 2713 1701 2754 Et
1734 2710 1839 2765 quia
1871 2723 2018 2751 arcem

235 2795 326 2824 non
357 2783 506 2835 habet,
539 2783 672 2826 faciet
710 2784 795 2826 sibi
834 2784 1083 2838 consignari
1123 2786 1317 2839 quatuor
1350 2785 1420 2827 vel
1453 2784 1652 2838 quinque
1693 2796 1816 2825 arces
1850 2782 2017 2823 castro-

353 2947 384 2982 a)
405 2948 439 2975 et
458 2948 497 2974 D.
589 2949 622 2983 b)
643 2948 789 2977 subdicti
811 2951 849 2977 Β.
921 2951 949 2985 c)
969 2950 1066 2979 Italis
1087 2952 1126 2978 D.
1199 2950 1231 2987 d)
1253 2950 1312 2978 sed
1333 2951 1372 2976 D.
1464 2950 1493 2985 e)
1515 2949 1603 2976 Fehlt
1625 2950 1661 2975 B.
1735 2949 1759 2982 f)
1781 2947 1957 2984 adquirere
1980 2946 2017 2972 D.

236 2995 268 3029 g)
287 2994 390 3023 Italia
408 2995 468 3031 D.,·
486 3003 522 3024 eo
542 2996 665 3024 immor.
740 2996 773 3032 h)
796 2997 937 3026 idoneus
958 2999 997 3025 D.

359 3067 387 3115 ι)
415 3066 496 3103 Βείι
517 3067 574 3103 24.
604 3067 804 3107 Dezember
830 3069 934 3109 1412.
