2216 3432
389 153 427 194 O,
466 157 539 197 Die
556 154 794 194 franzfisisehe
820 159 1095 201 Gesandtschaft
1120 178 1196 203 zum
1224 168 1420 207 romischeu
1444 173 1583 212 Konzil.
1622 176 1682 212 Nr.
1709 180 1764 216 35.

197 261 384 306 Francie
417 266 460 306 et
492 263 798 309 universitatis
832 269 1055 313 Parisien-

198 335 258 378 sis
290 336 400 379 alias
432 337 649 379 ordinatis
666 337 697 391 1)
740 339 917 383 mittant
950 356 1053 385 suos

197 407 516 450 ambasiatores
550 409 606 451 ad
639 422 774 464 regna
795 410 1053 466 Arroganie,

197 478 390 521 Castelle
424 482 468 521 et
502 480 732 534 Hyspenie
775 494 857 536 pro
899 498 1051 527 eorum

154 550 453 593 5reductione
516 553 572 594 ad
624 553 926 597 obedientiam
977 559 1053 598 aut

195 634 347 664 eorum
400 623 711 678 requisicione,
765 626 801 666 si
853 627 1052 669 reductio

193 694 430 747 practicari
464 708 553 737 non
587 696 743 749 possit,
778 699 917 740 ut-ad
949 712 1051 752 pre-

192 764 333 807 fatum
410 767 646 809 concilium
722 771 1051 821 prorogandum

193 837 372 878 mittant
419 840 615 880 oratores
659 851 741 892 pro
787 853 940 882 eorum
982 841 1050 882 in-

124 906 178 948 10
192 909 437 951 structione
455 923 534 951 seu
546 909 866 953 informacione
881 925 1048 965 eorum,

192 993 279 1034 que
332 980 379 1021 in
427 980 588 1034 dicto2)
642 981 826 1023 concilio
875 984 1048 1037 Pysano

191 1054 291 1092 acta
323 1053 441 1094 sunt.

249 1123 290 1164 5.
330 1124 441 1166 Item
491 1127 540 1166 ut
586 1138 718 1167 cause
766 1125 1047 1169 beneficiales

191 1195 396 1236 ammodo
435 1197 684 1238 tractentur
722 1198 838 1239 ultra
871 1200 1045 1240 montes

122 1263 173 1304 15
190 1278 271 1319 per
316 1266 486 1309 iudices
529 1269 830 1323 appostolicos
875 1271 1045 1324 agendo

189 1339 282 1380 sive
315 1339 595 1383 defendendo
629 1343 705 1383 aut
728 1341 868 1383 eciam
891 1343 1045 1396 appel-

188 1409 321 1453 lando
369 1413 414 1453 et
454 1410 622 1454 ibidem
665 1412 847 1455 omnino
890 1413 1044 1455 termi—

187 1483 365 1523 nentur.
380 1482 413 1534 3)

247 1554 287 1595 6.
322 1555 433 1596 Item
457 1557 505 1597 ut
530 1555 797 1598 universitas
823 1555 1043 1598 Parisien-

115 1620 173 1662 20
186 1624 247 1666 sis
299 1638 381 1680 pro
434 1640 481 1668 se
535 1630 578 1669 et
640 1629 732 1669 suis
795 1628 1041 1682 suppositis

185 1695 356 1739 iudices
399 1698 699 1752 appostolicos
737 1700 900 1741 habeat
930 1699 1043 1741 infra

184 1780 335 1810 muros
359 1769 635 1812 Parisienses
668 1784 808 1813 unum
842 1772 919 1813 aut
941 1771 1042 1825 plu-

184 1852 271 1892 res,
295 1840 375 1894 qui
397 1854 552 1883 eorum
570 1855 727 1884 causas
745 1842 886 1884 eciam
904 1843 1041 1884 bene—

182 1908 349 1953 ficiales
367 1912 563 1955 habeant
576 1913 817 1967 terminare
835 1915 879 1955 et
894 1913 1038 1955 finire.

111 1977 167 2019 25
245 1983 282 2024 7.
318 1983 432 2024 Item
473 1986 522 2026 ut
563 1997 642 2038 per
681 1985 872 2027 eundem
911 1997 1039 2026 sanc-

181 2052 401 2096 tissimum
435 2055 666 2098 dominum
698 2057 902 2098 nostrum
934 2069 1038 2110 pro-

180 2124 383 2167 videatur
428 2127 475 2168 in
514 2128 750 2181 vacanciis,
788 2142 875 2182 que
919 2141 1037 2169 nunc

181 2195 417 2250 exiguntur
448 2200 576 2254 profi)
609 2200 832 2242 bullarum
856 2200 1036 2254 expedi-

181 2268 307 2310 cione
340 2271 383 2311 et
415 2272 518 2312 ante
551 2284 705 2313 earum
729 2271 1034 2324 tradicionem,

108 2463 165 2506 30
297 2458 328 2493 a)
348 2465 407 2493 pre
427 2459 465 2486 B.
502 2459 535 2493 b)
555 2460 596 2489 So
617 2461 654 2487 B.

301 2518 327 2559 ¹)
354 2518 539 2554 Hierilber
562 2520 614 2554 ist
635 2520 750 2555 niehts
779 2520 940 2554 bekannt.

1888 171 1967 215 157

1180 1134 1219 1174 5.
1253 1134 1323 1176 Ad
1355 1136 1561 1189 quintum
1593 1139 1792 1182 dominus
1819 1144 1966 1183 noster

1119 1203 1309 1247 intendit
1347 1207 1429 1249 hoc
1467 1208 1608 1251 facere
1655 1211 1708 1252 de
1740 1212 1965 1254 beneficiis

1119 1289 1205 1317 non
1270 1279 1582 1321 excedentibus
1646 1282 1837 1324 valorem
1892 1283 1965 1325 XX

1118 1348 1387 1391 florenorum
1421 1364 1555 1405 supra
1589 1353 1743 1394 locum.

1175 1563 1214 1603 6.
1249 1562 1319 1604 Ad
1352 1566 1523 1606 sextum
1547 1567 1778 1618 responsio
1803 1567 1964 1610 sufficit

1115 1634 1358 1686 precedens
1391 1636 1648 1689 capitulum.

1173 1989 1212 2028 7.
1245 1987 1317 2029 Ad
1335 1990 1569 2043 septimum
1590 1990 1794 2032 dominus
1812 1993 1959 2033 noster

1111 2058 1304 2100 intendit
1355 2060 1574 2112 ordinare,
1627 2062 1747 2114 quod
1799 2064 1958 2103 annate

1110 2129 1425 2172 beneficiorum
1457 2131 1684 2173 solvantur
1716 2134 1956 2175 secundum

1109 2214 1259 2243 veram
1292 2204 1437 2242 taxam
1469 2202 1514 2242 in
1544 2203 1717 2243 duobus
1742 2203 1956 2256 torminis,

1108 2273 1392 2314 medietatem
1405 2271 1442 2326 b)
1465 2274 1521 2315 ad
1544 2287 1620 2315 sex
1642 2287 1816 2315 menses
1840 2288 1865 2316 a
1888 2274 1958 2316 die

299 2577 327 2622 ⁹)
356 2578 435 2613 Das
461 2578 616 2613 Pisaner
640 2579 773 2614 Konzil
794 2580 844 2614 ist
863 2579 920 2614 ‚bis
938 2579 1033 2625 jetzt
1057 2580 1147 2613 noch
1173 2579 1269 2613 nicht
1291 2584 1446 2624 yenannt
1468 2579 1620 2613 worden.

299 2636 327 2681 ⁸)
365 2636 430 2683 Vyl.
458 2638 605 2673 Avisata
635 2640 656 2683 §
683 2638 740 2673 11.

176 2695 384 2731 zeiclmeten
426 2698 513 2731 citra
557 2700 705 2735 montes.

793 2639 872 2673 Der
906 2639 1051 2685 Beyrvff
1077 2639 1171 2673 ultra
1197 2642 1331 2672 montes
1360 2638 1466 2672 (Ieckt
1495 2638 1569 2672 sic-le
1600 2638 1660 2671 mit
1690 2637 1764 2671 (lem
1792 2637 1874 2671 dort
1898 2637 1953 2670 be-

770 2698 839 2732 Die
876 2692 1038 2733 'Ansielct
1080 2697 1313 2743 Simonsfelds
1360 2696 1399 2731 S.
1438 2696 1486 2730 30
1522 2697 1622 2730 Anm.
1658 2695 1693 2739 2,
1739 2696 1821 2730 (lass
1869 2701 1955 2729 παῖε

107 2752 162 2795 35
177 2755 267 2790 citra
292 2759 429 2790 montes
454 2756 630 2802 rieletc‘yer
655 2757 750 2791 ultra
775 2760 912 2791 montes
938 2769 984 2791 za
1011 2762 1132 2791 setzen
1157 2757 1221 2799 sei,
1247 2756 1318 2790 und
1342 2755 1381 2789 S.
1407 2754 1455 2788 28
1478 2754 1579 2789 Anm.
1606 2755 1626 2788 4
1652 2755 1741 2788 nacla
1769 2754 1952 2799 Duc-onya,

177 2814 261 2849 dass
287 2815 383 2849 ultra
408 2819 546 2850 montes
578 2827 646 2850 nur
677 2816 733 2850 die
760 2817 859 2850 nicht
881 2817 918 2850 in
942 2816 1070 2850 Italien
1104 2815 1321 2849 Wolmenden
1348 2814 1546 2856 bezeichne,
1579 2814 1627 2847 ist
1648 2813 1823 2859 namo-liele
1848 2813 1950 2857 z'rriy.

175 2872 228 2908 Es
261 2873 389 2908 kommt
415 2886 511 2920 yanz
543 2874 611 2920 auf
635 2874 702 2909 den
726 2874 1020 2920 Aufentlealtsort
1040 2875 1102 2909 des
1130 2873 1344 2908 Selzreibers
1371 2885 1435 2923 αης
1466 2873 1502 2906 in
1527 2871 1634 2906 Paris
1660 2876 1757 2916 sayte
1783 2871 1838 2905 (lie
1870 2870 1950 2905 Um·-

174 2933 329 2968 versitdt
352 2934 440 2968 citra
465 2936 602 2968 montes
618 2933 688 2979 fiir
714 2933 950 2978 Frankwielz,
976 2934 1011 2968 in
1037 2933 1126 2968 Rom
1153 2933 1322 2967 benannte
1348 2931 1501 2966 (lieselbe
1527 2930 1748 2964 Frankreiclt
1773 2930 1835 2964 mit
1858 2930 1950 2963 ultra

176 2994 324 3030 montes.

386 2991 453 3039 Iffl.
481 2992 572 3027 auch
597 2993 661 3028 das
690 2994 784 3040 &fter
808 2994 1074 3029 vorkommende
1101 2996 1201 3028 outre
1227 2993 1277 3027 les
1304 2994 1417 3026 monts
1444 2990 1465 3025 ὲ,
1491 2992 1610 3026 Rome.
1657 2989 1772 3025 Ueber
1796 2989 1862 3023 den
1878 2988 1948 3022 Er-

103 3044 251 3097 40foly
275 3051 392 3086 dieses
419 3051 492 3086 und
514 3051 575 3087 des
598 3052 790 3098 folyenden
814 3051 969 3087 Punktes
996 3053 1064 3099 vyl.
1093 3051 1310 3096 Simonsfeld
1333 3049 1372 3084 S.
1398 3049 1483 3091 281².
