2216 3432
238 159 327 221 380
563 167 624 202 ΠΙ.
651 166 852 202 Abschnitt.
902 164 1174 210 voi-geschichte
1200 163 1261 198 des
1288 163 1510 198 Konstanzer
1533 163 1694 200 Konzils.

238 274 357 329 kunst
386 276 430 315 in
469 271 634 314 Verdzm
663 287 733 313 wm
763 270 981 312 Michaelis
1017 269 1131 310 nicht
1168 268 1362 311 kommen.
1427 267 1599 310 Ber-ioht
1626 267 1731 310 faber
1760 267 1839 310 den
1869 266 2012 310 Inhalt

240 346 309 386 des
341 342 764 399 deuwch-enylischen
796 340 1163 395 Bandnissplanes.
1228 337 1468 394 Drinyende
1503 336 1747 394 Einladzmy
1781 337 2010 394 frtihzeitiy

579 412 783 456 Gesandte
813 427 863 452 zu
894 410 1096 452 sckiclcen.
1161 408 1295 463 (1414
1327 407 1446 451 Ende
1479 408 1674 464 Auyust.)

315 509 387 542 Aua
418 508 499 541 (inl.
528 507 709 541 Palatinus
738 505 891 550 701s0l.
917 503 987 538 325
1003 516 1032 540 r.
1059 504 1122 537 der
1155 502 1266 537 I'att‘k.
1295 502 1504 539 Bibliothek.

362 603 655 645 Serenissime
709 601 931 654 princeps,
978 600 1110 641 frater
1158 599 1309 641 noster
1349 596 1588 639 carissime.
1660 596 1830 639 Allatas
1871 595 2053 652 nuper5

245 687 322 729 per
360 674 579 727 egregium
619 671 873 714 Uldericum
914 671 968 711 de
1007 670 1133 711 Mitra
1173 670 1388 710 decanum
1421 668 1685 719 Metensem,
1732 668 2013 710 decretorum

245 744 482 794 doctorem,
536 742 673 783 nostri
717 743 759 783 et
799 740 907 782 sacri
950 739 1123 793 imperii
1168 740 1395 790 devotum,
1432 737 1609 780 fidelem
1650 739 1695 780 et
1733 738 1956 791 dilectum,
1988 751 2014 779 a

246 815 482 866 conspectu
522 816 668 854 vestro
708 811 826 865 regio
867 811 921 851 ad
968 824 1046 852 nos
1085 811 1356 851 remeantem
1389 808 1624 850 exellentie
1662 810 1807 850 vestre
1845 809 2014 850 litteras

245 885 469 926 alacritate
502 883 777 936 suscepimus
810 883 852 923 et
886 895 1035 922 earum
1070 879 1366 922 continentias
1398 892 1534 933 super
1565 878 1678 921 felici
1711 880 1852 920 status
1880 877 2014 921 vestri

247 954 516 997 continentia
559 967 639 994 nec
681 966 768 994 non
812 952 1062 1005 principum
1112 964 1163 992 ex
1207 950 1417 1004 progenie
1460 949 1593 1003 regali
1633 949 1790 992 domus
1831 948 2014 991 Francie
2031 948 2087 990 10

246 1023 672 1077 consanguineorum
727 1024 975 1064 nostrorum
1030 1021 1408 1076 carissimorum¹¹)
1457 1019 1793 1074 votivorumquc
1842 1032 2015 1062 succes·

247 1108 375 1136 suum
407 1094 679 1136 incrementa
717 1092 1038 1135 delectabiliter
1081 1092 1378 1145 exprimentes
1422 1104 1521 1133 cum
1563 1090 1698 1133 animi
1745 1090 2016 1133 exultatione

249 1164 542 1207 intelleximus
583 1167 627 1206 et
673 1164 769 1207 alia.
811 1178 897 1217 que
940 1164 1194 1205 earumdem
1236 1162 1375 1203 series
1416 1161 1724 1215 subiungebat,
1767 1161 2016 1204 notavimus

249 1235 476 1289 diligenter
521 1237 563 1276 ct
615 1235 844 1289 potissime
895 1247 1029 1287 super
1078 1233 1374 1275 convencione
1421 1231 1643 1286 personali
1691 1232 1921 1274 vobiscum
1972 1231 2018 1273 et

251 1306 406 1347 ceteris
446 1306 661 1358 regalibus
706 1305 982 1359 principibus
1031 1304 1189 1345 vestris
1228 1307 1272 1345 et
1310 1303 1473 1345 nostris
1509 1301 1848 1356 consanguineis
1888 1300 2016 1343 avide
2035 1299 2087 1343 15

250 1378 475 1430 expectata
515 1379 557 1417 et
603 1377 746 1418 adhuc
788 1376 995 1416 continua
1033 1374 1269 1416 tenacitate
1310 1374 1542 1415 inherente
1581 1375 1729 1415 vestro
1775 1371 2017 1427 proposito,

250 1460 381 1499 quain
425 1446 564 1488 facere
603 1446 833 1488 intenditis
876 1446 918 1486 in
959 1445 1135 1486 civitate
1177 1444 1438 1486 Verdinensi
1477 1445 1532 1486 ad
1571 1443 1819 1498 proximum
1857 1442 2018 1484 festum

250 1518 388 1558 sancti
440 1517 691 1567 Michaelis,
732 1531 809 1557 nos
853 1517 907 1557 ad
952 1517 996 1558 id
1045 1515 1284 1558 invitando.
1360 1516 1544 1565 Verum,
1587 1512 2017 1568 superillustrissime

250 1588 467 1641 princeps,
504 1588 635 1628 frater
659 1591 807 1629 noster
830 1587 1069 1631 carissime,
1103 1586 1310 1628 seminari
1333 1586 1542 1627 videntur
1564 1586 1609 1627 in
1632 1585 1760 1626 nobis
1783 1584 2020 1638 augmenta

251 1658 493 1710 congaudii,
537 1659 641 1699 dum
691 1658 867 1700 festivos
913 1658 1134 1699 felicitatis
1167 1659 1316 1699 nostre
1348 1670 1558 1698 sucussus
1593 1655 1802 1710 precipue
1834 1655 1890 1696 ad
1922 1666 2019 1696 care
2034 1652 2092 1694 ΞΟ

251 1730 394 1770 vestre
439 1729 723 1770 fraternitatis
757 1729 956 1771 notitiam
990 1728 1296 1770 transferimus
1330 1761 1338 1768 .
1375 1760 1384 1768 .
1420 1759 1428 1768 .
1464 1728 1704 1780 Postquam
1733 1726 1848 1768 enim
1872 1725 2020 1780 partes

252 1799 531 1840 Alainanicas
564 1799 814 1852 petiviums,
857 1800 988 1841 variis
1032 1799 1305 1853 negotiorum
1338 1797 1574 1852 generibus
1607 1810 1687 1851 pro
1725 1795 1892 1838 salubri
1922 1794 2021 1836 uni-

252 1869 434 1911 versalis
467 1869 572 1911 boni
606 1870 845 1924 reipublice
878 1870 1116 1912 directione
1150 1868 1433 1911 sollicitudini
1466 1870 1616 1910 nostre
1645 1866 1803 1921 iugiter
1831 1865 2022 1907 influen-

252 1939 369 1980 tibus
410 1940 600 1993 victique
640 1941 889 1995 principum
936 1941 1175 1982 electorum
1222 1942 1266 1982 et
1311 1939 1494 1982 aliorum
1534 1938 1789 1992 magnatum
1827 1935 2022 1991 partium

254 2010 493 2052 earundem
516 2011 719 2065 precibus
739 2014 778 2052 et
798 2011 1177 2065 persuasionibus,
1200 2007 1478 2065 presertimb)
1502 2010 1550 2051 ut
1570 2008 1616 2051 in
1633 2006 1816 2051 concilio
1833 2005 2023 2061 generali
2037 2002 2092 2046 25

254 2082 480 2133 tamquam
515 2082 752 2123 advocatus
783 2084 827 2124 et
852 2082 1056 2124 defensor
1079 2082 1307 2124 militantis
1331 2080 1528 2132 ecclesie,
1562 2078 1675 2121 sicut
1699 2078 1811 2120 sacri
1835 2089 2024 2119 canones

256 2164 335 2191 nos
368 2152 605 2204 appellant,
638 2166 690 2194 ex
722 2152 866 2195 officio
901 2152 1131 2206 imperiali,
1164 2154 1295 2206 prout
1328 2150 1572 2193 reverenda
1603 2148 1793 2191 sanxivit
1820 2148 2025 2201 antiquo-

259 2234 351 2262 ruin
405 2222 658 2272 auctoritas,
713 2225 835 2276 signa
890 2224 1067 2265 maioris
1115 2223 1390 2265 auctoritatis
1437 2221 1667 2263 induceret
1713 2221 1757 2262 et
1803 2216 2026 2273 originalis

258 2290 479 2344 dignitatis
525 2293 711 2347 insignia
760 2295 988 2337 renovaret
1037 2307 1149 2335 nove
1190 2306 1349 2335 corone
1387 2292 1594 2346 suscepta
1633 2290 1866 2341 claritudo,
1909 2288 2025 2331 circa

257 2362 505 2415 proximum
538 2363 697 2405 festum
730 2365 867 2406 sancti
901 2364 1027 2413 Galli,
1061 2377 1112 2406 ex
1145 2377 1233 2418 quo
1266 2363 1396 2406 aliter
1426 2375 1559 2417 posse
1590 2361 1684 2403 fieri
1711 2373 1798 2402 non
1819 2359 2024 2411 vidimus,
2041 2356 2098 2399 30

258 2433 400 2487 prima
458 2446 620 2476 corona
678 2435 896 2490 imperiali
954 2437 1087 2490 caput
1139 2436 1341 2476 nostrum
1392 2433 1605 2487 elegimus
1657 2433 1701 2474 et
1752 2430 2026 2474 decrevimus

261 2504 556 2546 decorandum
609 2539 616 2546 .
653 2539 661 2547 .
696 2539 704 2546 .
756 2507 942 2560 Propter
990 2505 1286 2547 coronationis
1334 2506 1379 2547 et
1425 2503 1559 2547 etiam
1604 2501 1780 2545 concilii
1815 2499 2027 2544 terminos

261 2574 547 2638 adventantes
588 2577 631 2617 et
671 2576 855 2619 aliorum
902 2576 1181 2631 negotiorum
1222 2575 1533 2630 multiplicium
1572 2572 1791 2616 arduitate
1829 2569 2029 2626 preventi

261 2656 349 2686 non
380 2645 544 2698 patitur
576 2646 621 2688 in
654 2647 750 2688 loco
783 2649 827 2689 et
857 2648 1060 2700 termino,
1093 2660 1207 2701 quos
1230 2646 1368 2689 series
1388 2646 1637 2688 vestrarum
1658 2643 1841 2686 denotat
1861 2641 2029 2685 littera-

262 2727 373 2765 rum,
414 2716 682 2769 presentiam
722 2719 918 2760 nostram
963 2718 1132 2760 adesse.
1196 2716 1528 2760 Ambasiatores
1539 2714 1576 2772 ¹)
1613 2726 1718 2757 vero
1759 2710 2028 2756 serenissimi
2043 2707 2100 2763 35

263 2783 475 2839 principis
507 2786 712 2841 Heynrici
754 2789 869 2843 regis
901 2788 1071 2843 Anine,
1111 2787 1254 2830 fratris
1285 2786 1426 2830 nostri
1457 2784 1686 2839 carissimi,
1731 2782 1865 2827 hodie
1897 2794 2030 2838 expe-

302 2971 319 2999 b
335 2971 346 2999 1
381 2925 411 2959 a)
437 2926 502 2954 Von
521 2927 609 2955 einer
628 2928 754 2955 andorn
772 2928 872 2956 Hand
892 2935 947 2956 am
965 2927 1097 2956 Ranae.-
1117 2925 1430 2955 amantizsimomm.
1483 2924 1519 2960 b>
1538 2924 1607 2953 Dor
1624 2923 1701 2954 8⁶8⁸
1717 2923 1762 2953 id
1780 2921 2031 2953 malcolmum

263 2978 299 3012 ρο
321 2972 334 3000 ι·
348 2973 408 3000 det.

386 3015 509 3082 ¹)'Die
535 3033 603 3085 aus
621 3033 697 3069 dem
721 3033 922 3075 Koblenzer
953 3034 1048 3086 Tage
1073 3033 1306 3072 anwesenden
1329 3031 1548 3084 Enqldnder·

2167 2754 2216 2803 <it
