2216 3432
220 162 303 203 376
539 169 600 203 ΙΙΙ.
628 168 816 203 Abschnitt
876 165 1149 212 Vorgeschichte
1174 165 1235 199 des
1261 165 1484 199 Konstanzer
1507 163 1667 202 Konzils.

219 276 503 319 duodecimus
550 273 810 328 appellatur,
860 272 915 313 ad
962 284 1074 324 quos
1122 271 1166 312 et
1207 271 1406 312 oratores
1453 272 1628 313 nostros
1676 271 1722 312 et
1764 269 1934 313 litteras
1947 269 1983 326 1)

221 360 320 389 cum
358 343 592 388 sufficienti
638 342 965 385 assecuratione
1009 354 1090 394 per
1128 339 1321 381 officium
1367 340 1595 394 imperiale
1636 353 1717 393 pro
1764 339 1983 384 veniendo

218 417 264 458 in
295 414 574 468 concilium¹³>
608 413 773 454 dudum
808 412 1011 453 duximus
1044 410 1424 463 transmittendOS,
1455 410 1703 452 intererunt
1738 410 1784 451 in
1816 410 1983 453 eodem.

225 487 292 529 Ob
326 487 408 527 hoc
442 485 577 527 libeat
600 482 853 525 excellentie
876 483 1022 523 vestre
1045 480 1172 534 regie,
1207 479 1435 533 premissa,
1469 493 1557 534 qua
1580 480 1706 522 decet
1728 479 1984 532 attentione,

221 570 408 611 pensare
456 556 499 596 et
546 555 667 595 tante
722 551 994 594 auctom'tatis
1044 551 1159 593 viros
1214 550 1270 592 ad
1325 551 1408 592 hoc
1462 550 1668 593 fundatos
1715 551 1759 591 et
1806 550 2026 593 edoctos5

222 626 520 681 quantocitius
567 624 622 665 ad
670 637 749 665 nos
797 622 1035 673 destinare,
1094 620 1168 675 qui
1214 621 1431 675 premissa
1480 620 1709 662 nobiscum
1767 620 1985 662 deducere

222 698 397 739 valeant
429 697 484 737 ad
522 694 699 736 finalem
732 695 774 734 et
808 693 978 734 felicem
1012 693 1287 745 negotiorum
1321 690 1575 732 huiusmodi
1609 690 1984 733 consumationem

223 781 301 809 seu
341 765 689 813 conclusionem;
732 766 775 804 et
817 763 853 804 si
893 763 1092 804 fortassis
1131 763 1220 803 tam
1253 762 1363 808 cito,
1403 763 1452 802 ut
1484 763 1700 815 optamus,
1735 761 1986 814 solempnes

223 837 355 879 vestri
388 836 707 878 ambaxiatores
750 833 955 875 advenire
991 833 1238 886 nequirent,
1277 833 1432 874 saltem
1470 844 1550 885 per
1588 831 1774 874 leviores
1806 832 1987 873 nuntios

224 909 443 949 succincte
486 907 527 947 et
569 904 805 946 summarie
847 903 1103 956 significare.
1153 902 1258 955 quid
1294 903 1339 944 in
1379 902 1605 956 premissis
1644 903 1790 944 vestre
1829 901 1987 944 mentis
2005 901 2059 943 10

225 977 426 1019 formavit
482 977 741 1028 conceptus,
805 976 851 1015 ut
904 974 1082 1014 tandem
1136 972 1504 1026 solempnioribus
1556 972 1714 1014 vestris
1767 972 1987 1014 ambaxia-

224 1047 392 1090 toribus
425 1045 838 1100 supervenientibus
873 1044 1047 1096 negotia
1078 1044 1174 1096 ipsa
1207 1045 1397 1085 votivam
1431 1046 1475 1085 et
1504 1043 1748 1086 effectivam
1779 1043 1987 1085 sortiren-

224 1121 294 1159 tur
324 1114 786 1169 corroborationem.⁴2)
849 1114 1117 1167 Recogitate,
1159 1114 1292 1156 frater
1331 1114 1648 1166 amantissime,
1687 1115 1729 1156 et
1760 1113 1988 1166 attendite,

228 1190 443 1242 quantum
494 1187 657 1228 bonum
702 1185 906 1226 militanti
950 1185 1133 1226 ecclesie
1178 1186 1221 1226 et
1267 1185 1346 1226 toti
1396 1184 1708 1226 christianitati
1758 1184 1990 1226 resultaret

228 1260 632 1311 quantumcumque
700 1255 888 1296 fructum
952 1256 1189 1308 proferret,
1255 1256 1359 1297 dum
1426 1268 1507 1296 nos
1569 1256 1613 1296 et
1669 1268 1748 1296 vos
1807 1267 1858 1297 ac
1915 1267 1990 1296 rex
2008 1253 2060 1296 15

229 1329 492 1369 Francorum
528 1327 712 1368 invicem
737 1325 845 1366 uniti
870 1339 971 1366 vere
994 1326 1185 1367 amicitie
1209 1327 1407 1367 mutuam
1431 1325 1740 1379 amplectando
1763 1325 1990 1367 caritatem

231 1397 547 1439 indissolubilis
594 1397 741 1438 federa
781 1396 1066 1437 fraternitatis
1105 1397 1368 1437 alterutrum
1407 1395 1714 1451 coleremus.·“)
1785 1395 1833 1437 Si
1875 1394 1991 1437 enim

229 1469 346 1509 Deus
386 1480 465 1520 pro
507 1466 647 1515 nobis,
687 1466 785 1519 quis
818 1467 969 1508 contra
1002 1466 1111 1507 nos?
1164 1466 1387 1517 Quantum
1420 1466 1550 1507 etiam
1582 1467 1627 1507 in
1660 1466 1777 1508 dicto
1809 1463 1991 1507 concilio

227 1537 386 1578 virtute
411 1537 534 1577 unita
557 1536 798 1577 secundum
818 1537 957 1578 Deum
980 1536 1194 1590 proficere
1218 1536 1468 1591 possemus!
1493 1536 1710 1587 Quoniam
1728 1538 1772 1578 et
1788 1536 1825 1578 si
1844 1536 1992 1578 nullus

227 1621 278 1648 ex
312 1607 397 1648 illis
445 1606 762 1659 usurpantibus
794 1607 945 1648 sedem
995 1607 1199 1660 papalem
1241 1607 1285 1648 in
1324 1606 1509 1650 concilio
1555 1607 1772 1648 interesse
1804 1605 2063 1659 curaret,20

226 1677 346 1731 quod
370 1676 496 1727 absit,
521 1676 833 1718 nichilominus
857 1676 1016 1718 nostris
1039 1678 1172 1730 atque
1195 1677 1353 1719 vestris
1376 1691 1426 1720 ac
1450 1677 1555 1720 dicti
1589 1677 1702 1731 regis
1725 1677 1993 1719 Francorum

228 1749 561 1800 ceterorumque
583 1747 832 1800 principum
856 1748 900 1788 et
922 1748 1192 1800 prelatorum
1217 1761 1298 1790 nec
1321 1761 1411 1789 non
1434 1747 1627 1789 virorum
1650 1747 1992 1802 approbatorum

228 1818 272 1859 in
308 1818 485 1871 copiosa
517 1818 796 1859 multitudine
828 1818 1024 1859 illorsum
1067 1818 1381 1860 confluentium
1424 1817 1621 1860 unanimi
1663 1817 1994 1870 deliberatione,

226 1888 423 1939 consilio,
456 1890 558 1930 voto
590 1890 634 1930 et
670 1889 993 1941 approbatione
1026 1889 1407 1940 concurrentibus,
1439 1901 1521 1942 per
1552 1887 1746 1931 remedia
1777 1889 1995 1943 oportuna

227 1959 389 2012 poterit
422 1958 475 1999 de
508 1958 817 2000 reformatione
850 1958 1050 2013 prosperi
1083 1960 1227 2001 status
1259 1959 1442 2001 ecclesie
1475 1972 1637 2014 sponse
1664 1958 1744 2001 Dei
1776 1960 1821 2000 et
1851 1958 1994 2001 tocius
2008 1956 2064 1999 25

227 2028 573 2081 christianitatis,
616 2030 748 2082 prout
789 2029 897 2071 casti
939 2029 1114 2071 concilii
1154 2030 1385 2083 plenitudo
1424 2027 1792 2085 [ministrabit],¹')
1833 2029 1889 2071 ad
1928 2027 1996 2071 sui

226 2099 400 2140 laudem
433 2098 667 2140 salubriter
698 2099 933 2154 provideri.
998 2100 1067 2141 Ad
1100 2100 1181 2142 hec
1214 2100 1453 2155 nobilem0)
1495 2100 1732 2154 Georgium
1769 2099 1823 2142 de
1858 2099 1995 2141 Czed-

229 2170 317 2223 lycz
351 2169 535 2211 militem
567 2172 648 2211 etc.
682 2170 978 2212 consiliarium
1017 2172 1214 2212 nostrum
1252 2170 1427 2213 fidelem
1466 2170 1673 2213 dilectum
1705 2170 1996 2213 exhibitorem

230 2240 505 2292 presentium
537 2239 582 2281 in
614 2241 796 2282 materia
827 2240 1026 2293 presenti
1059 2241 1112 2282 de
1145 2241 1309 2283 nostris
1341 2241 1472 2283 labiis
1504 2240 1774 2283 sufficienter
1804 2240 1996 2283 instruc-

232 2310 327 2350 tum
365 2309 419 2350 ad
451 2309 583 2351 vestri
615 2310 883 2363 presentiam
915 2311 1188 2365 providimus
1220 2312 1473 2366 specialiter
1503 2314 1738 2367 propterea
1769 2310 1995 2354 destinan-
2010 2308 2068 2361 30

231 2379 356 2431 dum,
397 2379 520 2421 cuius
553 2380 762 2422 relatibus
794 2381 840 2423 in
870 2381 953 2423 hac
984 2383 1109 2436 parte
1142 2382 1285 2424 velitis
1317 2382 1528 2425 adhibere
1559 2381 1787 2424 credencie
1818 2381 1996 2436 plenam

228 2448 374 2492 fidem.
436 2450 580 2503 Super
619 2450 781 2504 quibus
811 2453 1002 2494 vestram
1035 2453 1199 2507 regiam
1230 2452 1551 2496 fraternitatem
1583 2451 1847 2506 requirimus
1878 2453 1923 2494 et
1944 2465 1997 2494 ex

230 2520 361 2562 corde
392 2533 609 2575 rogamus,
648 2524 869 2576 quatenus
898 2523 1082 2578 ‘placeat
1113 2523 1292 2567 eosdem
1324 2525 1493 2566 vestros
1525 2523 1864 2567 ambassiatores
1896 2535 1997 2565 cum

231 2752 254 2779 1·
333 2706 376 2780 ἒ)
396 2706 476 2734 Hier
500 2706 585 2742 solat
603 2707 792 2744 abeo-fluum
811 2708 1025 2738 immituntur.
1099 2710 1132 2744 b)
1152 2710 1240 2738 fehlt
1258 2711 1297 2738 Β.
1333 2711 1478 2747 Bryant
1497 2717 1558 2739 aue
1574 2710 1634 2739 Nr.
1651 2711 1687 2737 97
1705 2716 1780 2738 unw-
1853 2708 1883 2744 c)
1901 2707 1996 2757 nobi·

246 2759 313 2780 lum
362 2772 370 2779 .

350 2825 376 2867 ¹)
401 2823 575 2859 Benedikt
595 2825 695 2860 XIII.
721 2826 784 2861 Ιιαι
806 2826 886 2861 kein
911 2827 1320 2874 Einladunyucloereiben
1344 2828 1516 2864 erhalcen.
1567 2827 1624 2863 An
1653 2827 1796 2880 Greqor
1812 2825 1896 2862 XII.
1919 2836 1997 2861 war

231 2881 319 2915 Imrz
342 2882 473 2917 vorher
498 2883 573 2918 eine
606 2883 886 2932 Gesandtscltaft
906 2886 1101 2932 qeacluckt.

349 2953 377 2996 ¹)
403 2951 522 2987 Schon
551 2965 606 2988 am
633 2952 692 2991 20.
717 2955 871 2991 October
905 2957 1025 2992 warde
1060 2957 1136 2992 eine
1169 2956 1449 3004 Gesandtschaft
1477 2956 1534 2993 bet·
1557 2955 1763 3004 sigemund
1785 2953 1996 3006 boylaubt’qt.

349 3023 377 3068 ⁸)
407 3022 522 3062 Ueber
547 3024 602 3060 die
629 3024 834 3078 Bedeutunq
858 3026 977 3063 dieser
1001 3026 1114 3064 Stella
1138 3028 1209 3080 vql.
1234 3027 1449 3081 Einlet'tunq.

2011 2746 2066 2791 35
2083 2749 2086 2751 ,
