2216 3432
0 453 32 521 ὖ,
47 496 51 499 -

0 521 25 573 ᾗ

447 165 485 204 O.
527 165 705 201 Benedikt
730 166 840 209 XIlL,
867 168 1022 213 Spanien
1048 171 1119 204 und
1146 171 1207 206 das
1234 174 1454 210 Konstanzer
1477 178 1613 214 Konzii.
1655 179 1712 215 Nr.
1740 182 1794 217 79.
1912 173 1994 214 315

243 275 364 330 quod
394 275 457 317 ita
487 273 620 317 faeiat
651 275 696 316 et
728 275 863 317 addat
896 276 980 319 alia
1015 277 1130 320 circa
1162 279 1290 322 istam
1321 283 1568 338 materiam,
1609 288 1847 330 secundum
1878 291 1994 343 quod

243 345 409 389 viderit
442 345 784 401 disposicionem
817 347 863 388 in
886 361 950 389 ea.
1014 349 1068 391 Et
1101 350 1135 391 si
1160 352 1306 405 regina
1329 354 1467 396 dicat:
1500 356 1604 398 Volo
1627 357 1682 399 ob
1706 361 1994 402 reverenciam

242 417 326 460 Dei
358 420 404 461 et
435 417 864 471 contemplacionem
897 420 1058 462 domini
1094 422 1232 464 nostri
1263 437 1375 477 pape
1407 424 1449 466 in
1473 426 1592 468 nullo
1615 430 1875 471 concordare
1898 444 1993 472 cum

243 489 458 543 Johanne,
493 502 599 531 casu
630 489 730 543 ipso
763 490 939 534 domino
970 494 1180 548 nostro,²²)
1211 495 1253 535 in
1288 508 1374 548 quo
1405 497 1525 539 dabit
1557 498 1683 540 michi
1718 500 1902 542 favorem
1925 503 1998 543 aut

159 555 168 561 ’
201 559 312 603 5me
344 560 526 603 iuvabit.
597 560 661 603 Eo
705 574 809 603 casu
842 562 951 604 sciat
991 563 1086 617 ipse
1128 564 1316 606 Didacus
1356 567 1646 610 intencionem
1690 570 1853 622 regine,
1896 571 1997 624 quid

243 633 408 676 habere
445 631 633 675 voluerit
671 646 697 674 a
736 632 910 690 domino
953 637 1101 676 nostro
1141 638 1182 676 et
1222 636 1331 678 dicat
1368 638 1470 689 sibi,
1512 640 1627 692 quod
1659 639 1778 681 iuxta
1809 641 1891 682 sibi
1923 655 1998 695 per

243 704 387 760 ipsam
433 703 629 758 reginam
678 706 883 758 apperta,
931 708 1146 758 quantum
1198 721 1294 748 cum
1349 709 1436 749 Deo
1483 709 1644 762 poterit
1690 710 1732 750 in
1770 711 1875 762 hiis,
1914 725 1998 764 que

243 777 405 819 cedant
437 776 484 818 in
517 774 684 817 domini
718 775 859 817 nostri
892 789 1005 830 pape
1038 779 1081 818 et
1114 778 1294 819 ecclesie
1318 779 1515 821 Romane
1544 781 1774 822 servicium
1798 784 1840 823 et
1863 782 1998 835 ipsius

244 849 396 903 regine
427 846 774 902 beneplacitum,
814 848 1008 890 favorem
1051 850 1093 890 et
1130 849 1354 902 honorem,
1387 850 1488 892 totis
1521 851 1685 893 viribus
1718 852 1925 893 laboravit
1959 854 1999 893 et

177 915 230 960 1'0
244 921 395 974 sperat
432 919 603 973 absque
645 919 800 971 dubio,
843 920 963 973 quod
1001 920 1204 962 dominus
1243 923 1390 963 noster
1422 934 1536 975 papa
1574 936 1618 963 se
1650 922 1826 964 habebit
1857 923 2000 963 taliter

244 1004 348 1045 erga
385 991 531 1046 ipsam
569 991 612 1032 et
648 990 788 1044 ipsius
822 991 1049 1044 honorem,
1083 992 1200 1045 quod
1232 992 1327 1046 ipsa
1360 992 1535 1034 debebit
1566 993 1717 1034 merito
1751 994 1999 1034 contentari.

363 1062 505 1105 Simili
537 1062 671 1103 modo
706 1062 741 1103 si
774 1062 923 1116 regina
955 1065 1160 1116 procuret
1195 1065 1263 1105 vel
1302 1064 1372 1104 alii
1415 1064 1495 1104 sibi
1536 1066 1768 1117 procurent
1804 1065 2002 1105 maritum

244 1135 421 1189 captata
469 1134 803 1188 opportunitate
850 1134 1032 1176 instabit
1078 1135 1194 1176 idem
1237 1136 1438 1187 Didacus,
1487 1135 1602 1187 quod
1651 1148 1734 1175 non
1782 1136 2003 1176 contrahat

243 1205 577 1248 matrimonium
610 1219 710 1246 cum
743 1219 947 1259 persona,
982 1220 1067 1259 que
1100 1220 1189 1247 non
1222 1206 1276 1247 sit
1314 1206 1356 1246 in
1390 1205 1643 1246 obediencia
1677 1205 1837 1247 domini
1870 1205 2003 1246 nostri

176 1277 228 1319 15
243 1278 312 1320 vel
346 1278 401 1319 de
433 1277 584 1319 favore
618 1290 713 1330 suc,
755 1277 833 1317 sed
866 1277 986 1330 quod
1019 1277 1074 1318 sit
1104 1278 1202 1318 talis
1234 1289 1435 1331 persona,
1470 1290 1554 1329 que
1586 1276 1872 1316 verisimiliter
1904 1289 2002 1328 pro-

242 1349 361 1392 ficiet
393 1349 507 1391 circa
538 1348 750 1390 unionem
783 1349 964 1390 ecclesie
997 1350 1145 1390 sancte
1179 1348 1268 1390 Dei.

362 1421 419 1463 Et
456 1421 493 1462 si
531 1420 702 1462 dicatur
742 1420 885 1461 eidem
925 1421 1089 1462 Didaco
1129 1434 1207 1474 per
1250 1419 1462 1473 reginam,
1510 1418 1627 1471 quod
1667 1416 1906 1458 Demetrius
1952 1416 2004 1456 de

244 1493 423 1536 Guerau
460 1492 620 1547 primo,
660 1492 947 1545 postmodum
987 1491 1210 1533 confessor
1246 1490 1383 1544 ipsius
1421 1489 1565 1542 regine
1598 1488 1770 1529 fuerunt
1802 1487 1919 1527 missi
1951 1486 2003 1527 ad

255 1564 486 1607 dominum
518 1565 719 1607 nostrum
752 1564 807 1604 ad
840 1563 1178 1617 supplicandum
1209 1575 1286 1602 sue
1319 1560 1547 1612 sanctitati,
1579 1561 1626 1600 ut
1653 1559 1902 1612 procuraret
1925 1557 2004 1597 sibi

173 1635 296 1678 201n
339 1635 548 1677 maritum
598 1649 737 1676 unum
775 1635 829 1676 de
865 1635 964 1676 filiis
1009 1634 1120 1688 regis
1157 1632 1386 1686 Aragonie,
1439 1631 1520 1672 isto
1561 1644 1661 1671 casu
1700 1629 1863 1670 dicetur
1903 1627 2003 1678 sibi,

246 1708 381 1762 quod,
414 1707 516 1749 licet
548 1707 754 1748 dominus
787 1708 937 1747 noster
969 1705 1132 1759 pluries
1165 1718 1296 1758 super
1327 1705 1407 1745 hoc
1436 1702 1593 1755 requiri
1617 1701 1761 1742 fecerit
1783 1699 2003 1740 dominum

243 1779 437 1834 regeml)
471 1780 515 1820 et
546 1778 641 1832 ipse
676 1778 893 1819 distulerit
925 1777 1204 1831 respondere,
1244 1789 1383 1828 usque
1422 1787 1507 1827 quo
1541 1773 1685 1813 essent
1716 1770 1855 1821 simul,
1889 1769 2003 1822 quia,

243 1851 485 1905 postquam
516 1849 695 1891 fuerunt
728 1849 870 1902 simul,
904 1849 1186 1890 intenderunt
1218 1847 1327 1888 circa
1355 1844 1547 1899 predicta
1575 1844 1615 1883 et
1639 1843 1719 1883 alia
1742 1839 2004 1895 pertinencia

245 1922 301 1964 ad
332 1921 426 1963 vias
460 1922 503 1963 01
534 1921 691 1962 modos
725 1920 901 1962 unionis
935 1919 1114 1962 ecclesie
1147 1916 1489 1972 prosequendas,
1523 1912 1865 1967 supervenerunt
1894 1923 2003 1950 nova

173 1993 229 2034 25
245 1993 300 2035 de
339 1993 464 2034 obitu
505 1992 673 2034 domini
712 1992 824 2046 regis
866 1991 1101 2033 Landislai.
1170 1990 1318 2030 Dictus
1357 2001 1430 2028 rex
1461 1984 1677 2038 Aragonie
1720 1982 1797 2023 fuit
1836 1995 1885 2021 ex
1924 1981 2004 2020 hoc

245 2064 428 2118 dubius,
467 2064 512 2105 in
556 2077 644 2118 quo
684 2064 825 2105 status
865 2064 977 2104 dicte
1018 2062 1192 2103 domine
1230 2059 1439 2101 resideret
1487 2058 1528 2097 et
1566 2055 1708 2095 subito
1746 2066 1832 2094 11011
1865 2050 2005 2104 potuit

245 2136 360 2177 clare
402 2135 609 2177 dominus
649 2135 801 2177 noster
838 2134 1121 2189 respondere,
1161 2131 1263 2186 quia
1300 2132 1341 2172 et
1373 2130 1465 2183 ipse
1498 2140 1571 2168 rex
1602 2125 1682 2166 fuit
1714 2124 1917 2165 collactus
1950 2120 2003 2160 ad

245 2206 388 2249 curias
423 2206 683 2249 Cathalonie
724 2207 928 2248 recedere
971 2207 1014 2246 et
1046 2204 1248 2246 dominus
1282 2202 1429 2242 noster
1460 2197 1598 2239 noluit
1630 2195 1867 2248 expectare,
1901 2191 2004 2244 quin

245 2278 395 2320 statim
426 2278 619 2319 mitteret
651 2277 817 2319 dictum
850 2278 1063 2319 Didacum
1096 2276 1151 2316 ad
1181 2274 1372 2328 reginam
1399 2271 1552 2324 ipsam,
1584 2269 1632 2308 ut
1659 2265 1829 2307 interim
1858 2263 2005 2316 posset

174 2350 230 2392 30
246 2350 300 2392 de
334 2351 452 2391 statu
485 2363 566 2391 suo
599 2351 642 2392 et
674 2349 957 2403 negociorum
989 2347 1162 2402 plenius
1195 2343 1430 2386 informari.

364 2420 581 2463 Advertat
610 2422 761 2463 tamen
794 2420 935 2461 dictus
959 2419 1163 2470 Didacus,
1196 2418 1256 2467 ut,
1291 2415 1326 2456 si
1358 2427 1445 2467 quo
1478 2411 1606 2452 modo
1639 2407 1732 2449 fieri
1761 2404 1910 2459 possit,
1943 2403 2004 2443 lo-

246 2493 409 2546 quatur
455 2505 555 2533 cum
596 2492 744 2546 priore
784 2492 923 2533 sancti
960 2487 1228 2542 Maxi1ni11i2)
1273 2487 1507 2539 antequam
1549 2494 1646 2523 cum
1684 2477 1841 2532 regina,
1881 2476 1922 2515 et
1963 2473 2005 2513 in

365 2658 396 2690 a)
417 2663 496 2683 casu
516 2655 589 2691 ipso
610 2655 641 2684 d.
659 2663 689 2683 n.
708 2657 783 2690 Rea.

370 2718 396 2760 ¹)
420 2715 497 2750 Acts
529 2716 649 2750 dieser
681 2715 916 2760 Darstcllunq
952 2715 1052 2749 sollte
1084 2725 1163 2746 unm
1198 2710 1400 2751 schlicssen,
1438 2707 1518 2740 (lass
1554 2704 1663 2747 Kiim’gj
1699 2697 1896 2734 I¹'cr(limtml
1929 2695 2005 2763 {ein

177 2778 231 2819 35
246 2776 425 2811 Interesse
452 2787 499 2809 an
522 2775 587 2809 der
612 2775 939 2821 rzeapoh'tanisclzen
964 2773 1114 2807 IIet'ratlz
1140 2770 1268 2817 yeleabe
1293 2767 1390 2802 habe.
1447 2765 1519 2799 Das
1547 2764 1592 2797 ist
1616 2761 1701 2794 aber
1727 2758 1815 2792 wohl
1837 2756 1898 2821 der
1916 2753 2004 2788 buu.

246 2835 419 2879 Fromme,
458 2834 527 2869 Die
561 2834 746 2880 spanisclze
782 2833 916 2868 Nation
950 2833 1018 2879 auf
1043 2832 1118 2867 dem
1150 2830 1372 2865 Konstanzer
1404 2824 1530 2859 Konzil
1563 2821 1601 2856 S.
1627 2818 1686 2865 Gf.
1725 2818 1786 2851 hat
1816 2827 1907 2849 geme
1941 2812 2004 2845 Be-

211 2897 213 2900 ’
246 2895 441 2941 miihunyen
466 2893 558 2928 nacla
583 2893 659 2928 dem
690 2893 783 2927 Tode
809 2893 870 2928 des
898 2892 1084 2926 Ladl'slaas
1109 2889 1333 2936 yeselaeildcrt.
1382 2884 1541 2918 Joleanna
1563 2880 1630 2925 fiel
1658 2878 1742 2911 aber
1775 2874 1856 2908 bald
1877 2871 2010 2915 ‹lm-(ms

249 2955 292 2990 ab
318 2955 391 2989 und
413 2953 608 2989 lzeiratleete
634 2952 701 2986 den
716 2952 998 2998 franzb‘st'sclten
1023 2950 1178 2984 Prinzen
1202 2946 1313 2982 Jakob
1339 2956 1405 2979 von
1429 2943 1493 2976 der
1519 2939 1623 2974 Mark·
1647 2937 1700 2981 (cle
1727 2936 1761 2968 Ια
1787 2932 1951 2973 Μαι-0110).

370 3014 398 3059 ²)
425 3012 529 3047 Dock
554 3010 716 3046 derselbe
742 3010 845 3056 Huyo
869 3009 1038 3056 Claperie',
1062 3009 1129 3043 (len
1153 3008 1189 3042 in
1204 3005 1381 3052 friilaeren
1398 3001 1529 3036 Jalaeren
1555 2995 1723 3031 Beuedae'kt
1739 2992 1834 3027 XIII.
1860 3002 1904 3023 :u
1929 2999 2004 3022 ver-

177 3074 460 3119 40'80laeiedenen
492 3070 817 3116 Gesandtschaften
840 3068 1054 3104 verwandte.
1110 3066 1182 3113 Vyl.
1198 3065 1293 3112 foly.
1319 3061 1415 3096 Seite
1442 3058 1541 3093 Anm.
1568 3055 1599 3093 1.
