2216 3432
277 170 361 211 218
596 175 656 211 ΙΙΙ.
682 174 881 209 Abschnitt.
929 170 1201 216 Vorgeschichte
1227 170 1288 204 des
1311 169 1536 206 Konstanzer
1556 168 1716 204 Konzils.

395 281 481 324 Seit
512 279 631 321 1413
660 283 716 322 ist
745 294 787 321 es
818 279 978 320 andem.
1033 276 1178 318 Genua
1195 275 1487 330 festzustellen,
1519 289 1642 317 wann
1671 273 1761 315 sich
1786 273 1852 315 die
1888 271 2040 315 Wand-

276 356 373 409 luny
413 353 620 408 vollzoqen
656 352 738 401 hat,
781 350 835 390 ist
872 349 979 389 m'elet
1013 346 1245 402 miiyliclal)
1320 344 1407 387 Wir
1436 347 1583 388 wissen
1613 359 1706 396 nur,
1739 344 1839 385 dass
1869 358 1938 385 am
1972 343 2038 389 12.

278 424 507 480 September
546 421 659 462 1413
707 419 950 475 Siyismund
995 419 1079 470 aus
1116 418 1205 458 dem
1249 416 1532 458 italieniscken
1574 415 1690 471 Zuye
1734 416 1780 456 in
1819 413 1933 456 Clam-
1974 417 2040 457 ein

279 494 445 536 Schutz-
483 493 568 533 und
612 489 936 531 Trutzbizmlniss
974 490 1049 528 ‘nm't
1085 488 1175 528 dem
1212 485 1397 542 Ilm-2093
1435 485 1545 527 Karl
1581 500 1656 527 von
1695 484 1873 527 Orleans
1912 500 2041 541 qeqen

275 565 351 606 den
384 562 634 618 Buryunder
665 559 934 614 absckloss.2)
999 559 1079 598 Als-
1111 557 1262 599 Gmmd
1290 558 1398 598 wird
1428 557 1493 598 die
1530 554 1825 611 Treulosiylceit
1853 555 2079 599 Johanm5

274 633 492 689 yeyeniiber
513 633 601 673 dem
620 630 933 679 framosi-§clean
954 628 1238 683 Kiim'ysleause
1260 628 1346 668 und
1368 627 1584 669 besonders
1606 627 1679 668 cler
1697 626 1819 668 Mord
1838 625 2040 684 Ludwiqs

277 811 362 844 citer
399 810 574 842 incurrere
611 818 680 840 non
718 810 891 841 verentes:
931 806 1021 849 quod
1063 816 1181 838 revera
1219 804 1346 838 nedum
1379 805 1415 838 in
1448 807 1605 838 nostrum
1639 803 1699 837 sed
1735 806 1769 837 et
1800 803 1926 848 prefati
1959 813 2039 839 con-

276 868 457 911 sanguinei
491 867 601 900 nostri
628 867 725 899 ducis
754 865 955 910 Burgundio
982 865 1072 898 cedit
1100 864 1367 903 incommodum,
1401 863 1590 908 dampnum
1620 866 1654 896 ct
1679 863 1859 899 iacturam.
1898 863 2039 898 Placeat

276 927 392 970 itaque
425 929 535 958 vestre
572 925 664 968 regie
695 924 895 958 celsitudini
930 923 1100 967 prefatum
1144 923 1441 966 consanguineum
1481 926 1640 956 nostrum
1680 922 1801 956 ducem
1834 921 2038 967 Burgundio

276 985 404 1019 hortari
438 984 637 1028 superinde,
671 987 709 1016 ut
739 986 772 1015 et
805 986 922 1015 nostro
956 986 989 1015 et
1021 992 1085 1015 suo
1119 983 1153 1014 in
1182 981 1242 1014 hac
1277 984 1373 1025 parte
1402 981 1620 1025 prospiciens
1647 980 1827 1015 commodo
1854 983 1888 1015 et
1914 981 2038 1015 honori
2057 970 2110 1011 10

276 1044 454 1087 provideat
479 1043 599 1076 saltem
627 1043 662 1075 iu
682 1041 859 1081 Flandria,
886 1046 920 1073 ut
951 1041 1095 1084 predicti
1123 1051 1248 1073 census
1268 1041 1376 1073 annui
1396 1041 1521 1074 retenti
1541 1051 1560 1072 a
1579 1040 1831 1073 mercatoribus
1850 1040 2038 1074 eorundem

276 1103 485 1135 Venetorum
525 1101 626 1134 simul
667 1112 742 1134 cum
779 1101 917 1141 mulcta,
957 1104 1058 1144 prout
1093 1101 1128 1133 in
1167 1100 1442 1144 obligationibus
1481 1100 1634 1144 desuper
1671 1099 1851 1141 confectis,
1891 1110 2038 1144 quarum

275 1162 407 1204 copiam
435 1160 563 1193 dudum
591 1160 700 1193 eidem
728 1160 922 1193 destinasse
950 1159 1145 1199 recolimus,
1172 1162 1422 1202 recuperentur
1447 1162 1479 1192 et
1508 1159 1755 1199 resarciantur,
1782 1158 1869 1192 alias
1897 1168 2038 1203 quoque

275 1219 390 1252 taliter
420 1219 635 1252 incounnoda
668 1219 821 1251 sentiant
853 1218 992 1258 ibidem,
1027 1229 1068 1251 ne
1101 1217 1142 1251 de
1179 1219 1333 1261 ipsorum
1368 1218 1562 1261 pertinacia
1594 1218 1629 1251 in
1661 1220 1819 1251 nostrum
1853 1222 1887 1251 et
1912 1217 2038 1262 prefati

275 1278 383 1310 nostri
410 1278 660 1321 consanguinei
687 1280 922 1321 contemptum
951 1288 1039 1310 ausu
1067 1278 1250 1310 temerario
1279 1287 1340 1320 per
1366 1277 1462 1320 ipsos
1484 1277 1636 1310 Venetos
1663 1279 1872 1320 attemptata
1897 1276 2037 1310 valeant
2057 1266 2109 1308 15

274 1335 425 1379 gloriari.
476 1336 527 1368 Ad
562 1336 621 1368 bec
653 1336 884 1369 venerabilem
914 1336 1124 1370 Fridcricuui
1161 1336 1320 1368 abbatem
1354 1339 1387 1368 et
1414 1335 1502 1368 tales
1529 1335 1718 1369 familiares
1753 1338 1817 1369 etc.
1844 1336 1880 1369 in
1907 1335 1975 1369 hiis
2001 1338 2037 1369 et

275 1395 351 1427 aliis
385 1394 502 1427 arduis
534 1395 682 1438 negotiis
716 1395 789 1427 vive
825 1396 916 1428 vocis
951 1395 1176 1438 expressione
1210 1395 1319 1427 nostri
1354 1396 1451 1438 parte
1485 1394 1589 1428 latius
1621 1394 1840 1438 explicandis
1867 1394 1974 1428 vestri
2000 1394 2037 1428 in

276 1453 482 1496 presentiam
511 1454 671 1486 duximus
698 1453 896 1497 specialiter
922 1454 1161 1489 destinandos,
1214 1453 1286 1486 ilus
1317 1453 1399 1486 (nul.
1428 1452 1503 1486 l'al.
1533 1452 1597 1486 701
1627 1452 1666 1486 S.
1692 1452 1764 1486 262
1777 1464 1823 1486 κε.

394 1525 417 1566 ¹)
448 1523 487 1555 ln
519 1524 624 1556 cirtem
659 1524 876 1557 umlatict·t‹⁴n
914 1523 1108 1557 ‚schramm
1144 1524 1204 1555 ‹lm›
1242 1524 1323 1556 ('ml.
1359 1523 1432 1556 l'nl.
1468 1522 1532 1557 701
1557 1524 1628 1568 sol.
1664 1522 1734 1557 327
1755 1535 1784 1557 ι’.
1823 1523 1887 1557 der
1925 1522 2036 1558 I'atik.

277 1581 378 1623 BHM„
404 1583 687 1616 n·(1larx‹·leciuliela
715 1596 756 1616 (m
783 1583 847 1616 den
878 1583 1018 1628 llrrtoy
1039 1595 1101 1616 ron
1121 1584 1284 1623 ttrlmms,
1311 1583 1421 1616 Imm-t
1447 1597 1503 1616 es.-
1530 1583 1801 1617 Sinceritudinis
1820 1587 1878 1616 tue
1898 1593 2037 1628 promp·
2051 1572 2108 1614 20

274 1641 456 1673 titudinem
484 1669 491 1676 .
519 1669 526 1677 .
554 1670 560 1676 .
588 1642 715 1675 nobilis
743 1642 937 1686 Ileynricns
965 1643 1005 1675 de
1033 1642 1265 1682 Columberio,
1292 1643 1498 1686 capitaneus
1525 1642 1567 1675 ‹le
1599 1642 1873 1683 Pcdemontium,
1900 1652 2037 1677 necnon

275 1700 432 1743 egregius
472 1700 677 1734 Laurentius
719 1701 893 1745 Lamperti
929 1702 1051 1735 Doneti
1086 1702 1199 1745 legum
1234 1702 1364 1741 doctor,
1408 1702 1663 1735 ambasiatores
1697 1705 1730 1735 et
1761 1701 1952 1735 consiliarii
1984 1702 2037 1736 tui

275 1759 452 1802 nostrique
484 1759 602 1792 fideles
636 1788 643 1795 .
671 1786 678 1793 .
707 1788 714 1795 .
747 1765 996 1804 exposuerunt,
1035 1772 1109 1793 cum
1144 1761 1272 1804 quibus
1305 1761 1395 1794 circa
1428 1761 1607 1794 materiam
1643 1761 1837 1805 expositam
1871 1764 1905 1794 et
1932 1761 2036 1794 ctiam

277 1828 382 1860 super
407 1818 555 1861 negotiis
582 1818 678 1851 ducis
708 1819 908 1863 Burgundie
936 1820 1021 1853 sutis
1049 1819 1116 1852 late
1144 1820 1380 1853 tractavimus.

397 1887 425 1931 ²)
453 1888 490 1921 In
517 1890 654 1922 nomine
681 1894 799 1923 sancte
826 1894 858 1923 ct
886 1890 1062 1924 individue
1090 1891 1257 1924 trinitatis
1284 1891 1431 1924 feliciter
1457 1902 1569 1926 amen.
1596 1890 1845 1936 Sigismundus
1872 1915 1880 1924 .
1908 1916 1915 1924 .
1943 1918 1950 1927 .
1978 1901 2038 1925 rex
2053 1883 2108 1927 25

276 1950 392 1980 notum
420 1947 574 1988 facimus,
593 1975 600 1982 .
621 1976 627 1982 .
647 1975 654 1983 .
675 1949 766 1991 quod
795 1950 932 1982 nominc
953 1978 959 1985 .
981 1978 987 1984 .
1008 1976 1015 1984 .
1036 1950 1266 1983 illustrissimi
1295 1951 1468 1994 principis
1496 1949 1618 1984 Karoli
1645 1950 1744 1983 ducis
1772 1949 2038 1983 Aurelianensis

276 2007 309 2037 et
334 2005 465 2038 Valesii
503 2033 510 2040 .
537 2034 544 2041 .
572 2032 579 2039 .
619 2008 778 2051 egregius
818 2006 1022 2042 Manfredus
1055 2009 1187 2042 Dorsuo
1228 2009 1325 2042 miles
1373 2009 1536 2042 dominus
1573 2009 1615 2042 de
1648 2009 1835 2053 Canirayo,
1873 2009 2040 2054 magister

276 2063 419 2107 hospicii
447 2068 480 2097 et
506 2065 737 2106 consiliarius,
776 2078 837 2099 nec
865 2077 933 2100 nou
963 2067 1128 2111 providus
1160 2068 1328 2112 magister
1356 2068 1547 2101 Damiauus
1576 2068 1618 2101 de
1646 2068 1806 2112 Valpono
1834 2070 2040 2112 procurator

277 2122 403 2155 fiscalis
444 2126 477 2156 et
514 2125 734 2165 secretarius,
776 2126 1046 2160 ambassiatores
1086 2137 1224 2170 quoque
1264 2131 1507 2171 procuratores
1549 2130 1583 2161 ot
1620 2127 1843 2172 negociorum
1883 2130 2038 2172 gestores

277 2181 428 2214 eiusdem
463 2182 582 2215 Karoli
616 2183 712 2216 ducis
745 2184 1008 2218 Aurelianensis
1044 2185 1085 2220 ad
1127 2186 1352 2230 infrascripta
1386 2186 1526 2231 plenum
1561 2189 1595 2219 et
1625 2185 1804 2219 sufficiens
1836 2185 2038 2220 mondatum
2053 2179 2111 2221 30

277 2238 453 2281 habentes,
479 2241 515 2274 in
541 2242 651 2275 nostri
679 2244 889 2286 presentiam
918 2244 1122 2280 accedentes
1150 2249 1248 2289 parte
1276 2245 1431 2279 eiusdem
1459 2245 1591 2279 domini
1617 2245 1773 2290 ipsorum
1800 2254 1915 2279 coram
1934 2244 2037 2278 nobis

276 2308 447 2341 exponere
473 2303 647 2342 curarunt,
675 2302 848 2345 quomodo
867 2303 1048 2336 ²Iohannes
1076 2304 1145 2338 (lux
1168 2304 1371 2348 Burgundio
1397 2304 1614 2345 fidelitatem,
1640 2304 1683 2338 ad
1703 2314 1805 2348 quam
1824 2331 1832 2340 .
1852 2331 1860 2340 .
1880 2331 1887 2339 .
1906 2301 2038 2338 Karolo

276 2356 483 2391 Francorum
512 2359 582 2402 regi
610 2387 617 2395 .
638 2387 645 2394 .
665 2387 673 2396 .
700 2363 838 2394 tenetur
864 2389 871 2396 .
892 2387 898 2394 .
920 2387 927 2394 .
955 2362 1134 2397 immemor
1161 2390 1168 2398 .
1189 2389 1196 2396 .
1218 2389 1224 2396 .
1252 2364 1288 2396 in
1315 2364 1450 2397 ruinam
1478 2366 1512 2397 et
1537 2363 1708 2397 excidium
1736 2362 1891 2407 precelse
1915 2362 2038 2396 domus

279 2413 422 2448 Francie
448 2427 627 2460 perperam
656 2419 815 2462 aspirans
844 2445 851 2452 .
871 2445 878 2453 .
899 2447 906 2454 .
935 2420 1147 2456 Ludovicum
1176 2448 1182 2455 .
1203 2450 1210 2458 .
1231 2450 1238 2458 .
1266 2422 1405 2456 fratrem
1426 2448 1434 2456 .
1453 2447 1461 2456 .
1482 2451 1490 2458 .
1511 2422 1690 2456 memorati
1717 2422 1809 2467 regis
1826 2421 2038 2456 Francorum

280 2499 288 2507 .
306 2500 314 2508 .
334 2501 341 2507 .
368 2474 475 2507 occidi
502 2476 687 2510 crudeliter
719 2479 916 2521 procuravit
943 2504 952 2514 .
979 2507 988 2515 .
1015 2508 1022 2515 .
1050 2490 1113 2514 nee
1139 2480 1212 2513 ulla
1237 2491 1299 2514 sue
1325 2482 1550 2515 correctionis
1577 2481 1698 2526 prebet
1720 2480 1847 2515 inditia
1872 2506 1880 2514 .
1907 2508 1916 2517 .
1942 2508 1951 2517 .
1977 2480 2039 2515 sed
2053 2472 2108 2516 35

278 2531 320 2564 ad
348 2533 465 2575 peiora
491 2534 631 2568 cottidie
658 2546 740 2569 suos
768 2547 949 2580 perversos
976 2541 1123 2573 conatus
1150 2539 1318 2581 extendit,
1346 2566 1353 2574 .
1382 2569 1389 2575 .
1417 2568 1425 2577 .
1453 2541 1671 2585 requirentes
1698 2550 1762 2574 nos
1788 2542 1887 2585 parte
1913 2539 2039 2584 prefati

283 2590 404 2624 Karoli
430 2591 527 2626 ducis
554 2593 830 2637 Aurelianensis,
860 2622 866 2629 .
946 2600 985 2630 ut
1011 2598 1122 2632 eidem
1149 2598 1229 2632 duci
1255 2602 1376 2633 contra
1401 2599 1532 2634 insidia
1556 2602 1590 2633 et
1615 2599 1895 2634 machinamenta
1919 2598 2039 2633 huius-

281 2649 374 2682 modi
399 2652 630 2686 succurrendo
657 2664 733 2687 cum
753 2654 871 2688 eodem
891 2665 955 2689 nos
973 2657 1073 2690 unire
1092 2659 1125 2690 et
1143 2657 1368 2702 colligancias
1387 2658 1500 2693 facere
1518 2658 1753 2704 dignaremur.
1794 2657 1849 2692 Er
1874 2662 2041 2693 erneuerc

278 2707 332 2740 die
359 2707 551 2743 Biindnisse
579 2711 694 2746 sesnes
732 2712 855 2747 l'acm
882 2713 975 2747 Kar!
998 2715 1068 2748 und
1095 2714 1226 2761 Kb‘m'ys
1269 2715 1405 2751 ll'enzel
1432 2717 1493 2751 mit
1515 2717 1582 2751 den
1613 2716 1773 2764 Kb‘ne‘qen
1805 2728 1874 2751 von
1901 2715 2039 2751 Frank-

277 2765 386 2809 reich,
411 2769 611 2813 vcrspriclet
624 2770 693 2814 fiir
719 2771 792 2804 ,sich
819 2773 890 2805 ¹und
912 2773 1007 2807 seina
1027 2774 1283 2809 Naehkommen
1307 2775 1379 2810 und
1394 2776 1488 2810 scine
1513 2775 1754 2812 Untertlaanen
1776 2766 2110 2818 Freundaclzaftffl

276 2823 337 2856 mit
366 2825 439 2858 (lem
470 2825 613 2873 Ilerzoy
643 2840 709 2863 von
736 2831 885 2865 Orleans
903 2844 960 2866 »τα
991 2832 1109 2867 hulten
1134 2834 1205 2868 und
1228 2834 1286 2868 ilm
1308 2846 1421 2880 yeyen
1447 2835 1515 2870 alle
1541 2834 1685 2879 Feinde,
1711 2834 1903 2870 besonders
1926 2846 2040 2881 yeyen

277 2881 344 2915 den
370 2882 510 2930 Harl-'09
541 2897 608 2919 von
639 2887 809 2934 Burqzmd
849 2902 894 2924 zu
925 2891 1091 2926 svbiit-’en
1126 2918 1134 2926 .
1162 2920 1170 2928 .
1197 2918 1205 2926 .
1243 2893 1321 2930 Dat.
1353 2895 1390 2928 in
1419 2895 1559 2935 civitate
1585 2894 1744 2932 Curiensi
1777 2904 1870 2929 anno
1904 2893 2039 2928 domint

278 2940 457 2975 millesimo
492 2945 832 2990 quadringentesimo
864 2950 1115 2992 tertiodecimo,
1153 2952 1358 2987 duodecimo
1397 2953 1452 2988 die
1479 2940 1695 2998 Septembris
1728 2981 1736 2990 .
1763 2979 1773 2988 .
1797 2981 1806 2990 .
1843 2952 1904 2988 Or.
1929 2951 2037 2999 Perq.

276 2997 312 3039 in
336 2999 401 3033 den
424 2999 573 3037 Pariser
597 3003 770 3046 Arcleives
798 3007 1015 3044 Nat-tonale&
1066 3009 1191 3063 Siegel
1213 3022 1259 3045 an
1285 3011 1793 3060 blaurotlaerfi*Seidemclmum
