2216 3432
238 205 248 220 ¹
309 164 323 173 ἢ
394 175 395 178 ¹
465 193 504 235 0¹.
535 178 733 238 Ualates'td,
756 187 896 240 Grogor
918 192 1002 231 ΧΠ.
1026 193 1101 229 und
1127 190 1304 229 Benedikt
1327 192 1427 232 xm.
1456 189 1704 232 1410—1'413.
1730 194 1793 232 Nr.
1819 196 1853 231 6.
1999 181 2059 230 39

266 291 411 362 Effldii
443 294 668 360 nepotem.
681 300 717 359 ι)
769 298 883 345 Tam
913 298 1047 357 igitur
1079 301 1175 345 iure
1207 296 1453 346 honestatis
1485 303 1529 345 et
1561 297 1842 346 rectitudinis
1865 303 2056 358 iusticie,

211 416 220 423 .
266 375 389 433 'quod
426 373 618 431 quisque
660 380 836 418 servare
881 374 1059 416 tenetur
1091 375 1136 417 et
1177 372 1391 428 precipue
1428 373 1477 416 in
1517 384 1672 427 causa,
1718 374 1772 417 de
1805 387 1895 430 qua
1938 388 2058 418 nunc

218 491 219 494 ,
266 447 433 504 agitur,
475 459 565 503 que
596 445 754 501 pocius
798 445 949 488 divina
980 446 1049 488 est
1082 458 1217 500 quam
1255 445 1472 499 humana,
1515 458 1651 500 quam
1690 445 1830 489 eciam
1870 445 2055 500 longeve

264 518 544 575 probateque
575 516 790 570 amicicie,
824 518 871 560 ut
903 517 1110 572 superius
1141 515 1304 572 inquit,
1338 529 1418 571 per
1448 516 1646 559 divinam
1678 518 1873 572 graciam
1906 519 2055 572 potest

223 590 320 635 5de
352 590 450 646 ipso
483 589 615 644 plene
648 587 873 632 confidere
906 588 1037 631 exule
1071 587 1229 643 quavis
1263 587 1532 642 suspicione

382 661 438 705 Et
469 661 576 716 quia
607 674 633 704 a
664 659 885 716 principi)
921 661 1068 715 quarti
1101 672 1244 714 usque
1277 659 1334 703 ad
1375 658 1508 702 finem
1545 659 1706 702 decimi
1740 659 1884 703 dictus
1917 661 2059 704 domi-

262 745 346 776 nus
377 732 649 776 Benedictus
687 732 836 786 ipsum
882 731 1092 774 Carolum
1131 730 1361 786 plexisum
1400 731 1710 786 μ’·ἱηοίρᾶΙίἱει
1743 732 1890 774 reddit
1921 733 2056 775 variis

261 803 677 860 multiplicibusque
710 803 1011 857 argumentis,
1045 803 1164 858 quod
1195 802 1477 858 experiencia
1509 804 1826 858 preteritarum
1859 803 2056 847 fallacia-

260 888 361 918 rum
383 878 538 919 noscat
559 875 700 918 vitare
728 874 882 918 futura
914 874 1101 917 ecclesie
1134 874 1370 927 scandala,
1405 874 1567 917 deinde
1600 874 1670 917 sui
1704 876 1873 917 rectam
1906 875 2052 930 arguit

191 950 247 993 10
261 948 456 990 mentem
509 949 552 990 et
603 947 651 990 in
702 947 880 998 unionis
931 945 1252 1000 prosecucione
1305 959 1567 1001 processum
1619 946 1920 999 iustificatum,
1968 947 2055 990 illis

259 1018 468 1061 omnibus
500 1018 704 1073 capitulis
737 1018 821 1061 sub
844 1017 1108 1072 compendio
1141 1018 1397 1072 respondet.
1446 1018 1502 1060 Et
1534 1018 1679 1072 primo
1711 1018 1879 1072 gracias
1913 1020 2048 1062 refert

259 1090 314 1132 de
348 1091 628 1142 documento,
662 1090 783 1145 quod
815 1103 896 1132 sua
929 1090 1171 1132 clemencia
1204 1090 1414 1132 exhibere
1447 1090 1532 1132 sibi
1570 1089 1750 1143 dignata
1783 1089 1879 1132 fuit.
1934 1090 2049 1132 Nam

258 1162 442 1214 multos,
483 1162 572 1205 heu
611 1162 815 1205 dolenter
851 1162 988 1204 refert
1030 1162 1127 1216 ip3e
1169 1161 1310 1204 eciam
1356 1163 1590 1216 expertus,
1637 1161 1760 1204 dolos
1794 1162 2050 1205 interiectos

257 1233 456 1276 extitisse
498 1234 554 1277 ad
597 1234 870 1276 ambiciones
914 1233 1195 1276 suscitandas
1234 1233 1380 1283 videt,
1425 1234 1474 1275 ut
1512 1233 1609 1287 ipse
1653 1233 1799 1276 dictus
1840 1234 2047 1277 dominus

189 1308 241 1350 15
256 1305 528 1348 Benedictus
559 1305 718 1360 inquit,
743 1318 890 1360 neque
914 1305 1060 1347 adhuc
1082 1305 1276 1347 minores
1309 1304 1549 1358 excogitari
1572 1307 1715 1360 putat,
1740 1304 1817 1359 qui
1839 1305 1885 1347 in
1908 1306 2051 1360 impe-

257 1377 504 1420 dimentum
535 1376 737 1420 veritatis
771 1379 814 1419 et
845 1376 1019 1419 iusticie
1052 1376 1266 1431 possibile
1290 1376 1456 1430 forent,
1495 1377 1532 1418 si
1557 1389 1646 1418 non
1670 1376 1910 1431 reperiret,
1943 1390 2049 1420 con-

0 1414 14 1528 ξ
255 1448 519 1491 tradictores
559 1448 948 1492 circumveniendo
972 1448 1034 1490 >in
1079 1448 1236 1491 fraude
1280 1447 1451 1490 animas
1500 1449 1745 1491 multarum
1787 1448 2048 1491 viderentur

0 1531 14 1567 ’ς
254 1519 544 1577 prevalere2).
594 1520 831 1564 Carissime
864 1521 1000 1575 igitur
1027 1521 1347 1563 documentum
1381 1521 1567 1575 accepit,
1592 1521 1711 1575 quod
1744 1520 1856 1563 scire
1889 1521 2047 1563 obesse

255 1605 343 1635 non
376 1593 541 1646 potest,
574 1592 778 1647 ignorare
812 1594 963 1635 autem
996 1592 1073 1635 sic.

185 1665 242 1707 20
375 1663 444 1706 Ad
478 1663 565 1707 alia
597 1663 741 1706 simile
778 1663 956 1706 videtur
994 1664 1147 1706 utilius
1189 1677 1324 1718 quam
1358 1664 1576 1706 assentire
1618 1677 1696 1706 seu
1729 1665 2046 1718 contradicere,

255 1748 447 1790 quorum
479 1737 718 1790 utrumque
750 1735 942 1778 nesciret
980 1735 1077 1778 sine
1111 1735 1221 1778 iuris
1261 1738 1338 1778 aut
1370 1734 1597 1791 opinionis
1639 1735 1840 1790 parcium
1875 1735 2043 1779 lesione

254 1806 371 1849 ferre
404 1807 558 1849 saltem
592 1806 809 1862 putativa.

372 1878 462 1921 Sed
494 1879 598 1932 quia
630 1878 676 1921 in
708 1879 928 1933 particula
949 1880 1095 1922 octavi
1129 1879 1327 1933 capituli,
1362 1892 1448 1934 que
1471 1878 1651 1933 incipit:
1687 1876 1798 1919 Nam
1831 1880 2042 1920 conveneio

251 1963 344 1990 cum
373 1949 520 2005 illisss),
560 1940 801 2005 respondet
834 1950 1039 2003 Carolus,
1073 1951 1212 2005 quod,
1246 1951 1351 1993 licet
1367 1951 1452 2004 illi,
1486 1950 1561 2005 qui
1597 1950 1805 1993 Pisanam
1838 1951 2039 1993 fecerunt

180 2022 234 2065 25
251 2021 652 2075 congregacionem,
682 2035 848 2065 novum
871 2022 1185 2065 suscitaverint
1207 2023 1480 2073 scandalum,
1505 2035 1594 2077 quo
1617 2035 1761 2076 pauca
1784 2022 1831 2064 in
1854 2022 2041 2065 ecclesia

250 2094 406 2135 sancta
438 2093 561 2136 fuere
593 2093 779 2147 maiora,
820 2094 1004 2148 insuper
1037 2095 1093 2137 ad
1124 2094 1458 2137 iustificandum
1491 2094 1603 2136 illud
1635 2107 1724 2135 non
1757 2094 1931 2137 minora
1962 2094 2040 2136 ad-

249 2163 459 2218 diderint,
491 2166 642 2207 tamen
674 2167 859 2220 attentO,
892 2168 1062 2220 quante
1094 2166 1263 2209 iacture
1295 2167 1454 2219 forent,
1487 2167 1554 2208 tot
1581 2164 1807 2220 principes
1841 2167 2036 2208 tantam-—

248 2247 335 2289 que
367 2235 703 2280 multitudinem
735 2237 1053 2292 preciosissimi
1096 2238 1325 2293 sanguinis
1359 2238 1527 2280 domini
1557 2227 1705 2280 'nostri
1741 2237 1879 2280 Jhesu
1922 2237 2033 2280 effu-

247 2306 371 2350 sione
403 2307 661 2362 insignitam
693 2310 816 2351 extra
848 2310 1066 2364 gremium
1107 2311 1262 2352 sancte
1294 2309 1450 2353 matris
1493 2309 1680 2352 ecclesie
1709 2308 2034 2363 derelinquere,

177 2378 384 2422 30nichil
430 2379 727 2423 omittendum
773 2381 951 2424 videtur
997 2382 1199 2436 predicto
1248 2381 1430 2434 Carolo,
1484 2395 1540 2423 ne
1589 2382 1713 2423 extra
1761 2380 2035 2422 dominicum

247 2449 558 2505 relinquantur
610 2452 738 2494 ovile.
817 2453 938 2495 Vidit
991 2467 1186 2508 namque
1239 2453 1424 2496 subtilia
1475 2453 1721 2508 pulcraque
1773 2453 2036 2506 argumenta

248 2522 402 2564 contra
439 2522 618 2565 illorum
657 2525 1049 2578 congregacionem
1088 2526 1132 2567 et
1172 2526 1394 2580 quantum
1433 2525 1488 2568 ab
1529 2537 1684 2566 eorum
1724 2522 2034 2566 communione

246 2592 507 2647 fugiendum
539 2595 618 2636 est.
667 2594 853 2638 Audivit
885 2596 1041 2651 utique
1074 2596 1250 2651 egregio
1283 2597 1379 2639 viro
1413 2595 1592 2639 domino
1617 2594 1775 2637 Garsia
1796 2594 2032 2648 referente,

246 2664 368 2718 quod
403 2664 579 2708 videtur
615 2665 945 2710 infructuosum
986 2670 1030 2711 et
1067 2668 1225 2712 inutile
1265 2668 1384 2712 dicto
1425 2667 1602 2710 domino
1643 2666 1889 2709 Benedicto
1932 2679 2033 2708 cum

174 2735 229 2779 35
243 2733 331 2778 illis
369 2736 580 2790 tractare,
628 2739 782 2792 utpote
821 2739 899 2794 qui
944 2739 1151 2783 timorem
1189 2740 1357 2783 domini
1406 2739 1669 2782 abiecerunt
1716 2739 1761 2780 et
1807 2737 1853 2780 in
1900 2736 2031 2780 inviis

0 1641 13 1840 ets-&W
0 1602 13 1625 ¹2-
0 1591 2 1595 ·

0 1877 30 2132 Avsfflww.
0 1855 5 1861 ,

31 2542 47 2547 ἶ
0 2153 37 2484 msc-m*

365 2926 391 2968 ι>
428 2924 495 2972 1⁴91.
527 2925 652 2962 ln'erzu
689 2926 799 2963 Wurm
825 2929 846 2963 l.
874 2941 904 2965 c.
933 2928 972 2964 S.
1000 2928 1071 2964 170
1075 2929 1120 2978 ff
1178 2930 1250 2966 Dae
1284 2930 1461 2967 Schlacltt
1493 2945 1549 2968 am
1579 2933 1690 2969 Ponte
1724 2934 1761 2969 di
1793 2933 1870 2970 San
1902 2935 2026 2980 Rofillo

242 2982 300 3019 bei
324 2983 487 3031 Boloqna
509 2997 623 3032 yeqen
650 2985 816 3023 Ber-nabo
855 2987 1007 3024 Placenti
1028 3000 1098 3024 von
1124 2989 1287 3025 Mailand
1299 2991 1400 3037 fand
1422 3003 1477 3026 am
1501 2992 1560 3027 20.
1587 2993 1672 3028 June·
1697 2995 1787 3029 1361
1816 3000 1913 3030 statt.

363 3043 392 3089 ς)
419 3043 500 3080 Der
527 3044 676 3082 Sekla-3⁸
701 3046 753 3082 ist
775 3049 1075 3084 unverstdndticlu.
1139 3048 1438 3087 Walcrsclzeinliclae
1454 3052 1555 3101 fehlt
1579 3057 1699 3090 etwas.

362 3103 392 3154 ⁸)
418 3103 522 3140 Auck
547 3104 626 3140 hier
648 3105 743 3151 fehlt
765 3107 822 3144 ein
847 3105 1046 3157 Satquied.
1681 3114 1685 3123 ’
