2216 3432
415 157 458 193 A.
501 158 645 194 Johann
670 160 807 196 XXIII.
834 164 907 198 und
934 165 989 200 die
1015 167 1319 217 Verbereitungen
1344 184 1420 209 zum
1446 176 1582 214 Konzil.
1626 180 1684 216 Nr.
1711 183 1766 219 54.
1892 176 1976 218 255

212 262 288 308 54,
339 263 497 320 (Ko‘niy
531 263 782 321 Siqismund
821 284 877 310 an
909 270 1041 327 Papst
1069 274 1232 318 Johamz
1265 277 1440 325 XXIII)
1486 282 1596 324 theilt
1631 285 1715 327 ihm
1751 291 1836 339 mit,
1879 292 1995 332 dass*

211 348 256 376 er
285 349 363 376 von
394 334 610 378 Kardinal
642 336 821 379 Branda
861 356 900 384 u.
936 358 974 382 α.
1011 344 1113 386 iiber
1152 347 1216 388 die
1246 347 1290 387 F
1288 350 1396 392 luc-let
1428 353 1500 393 cler
1530 354 1658 397 Kurie
1688 373 1761 399 von
1795 360 1975 417 Boloyna

209 406 316 447 nach,
351 404 544 448 Ferrara
582 408 724 463 yelzb'rt
761 410 884 462 habe,
933 412 1040 456 bittet
1074 431 1143 457 um
1182 417 1434 471 Nae-laridi&
1479 425 1721 469 ima-isenen
1761 429 1893 471 belum
1934 448 1978 474 er

210 478 319 519 aeine
350 478 439 518 und
469 479 535 520 die
567 478 805 522 Gesanclten
836 483 905 524 cles
938 484 1100 536 Grafen
1129 503 1204 529 von
1239 489 1421 548 Sacogsen
1450 496 1615 538 zuriick.
1681 498 1810 551 (1414
1842 502 1977 559 duni.)

167 583 194 625 5
280 583 314 617 B
338 596 402 619 aas
434 583 517 619 Cod.
543 585 730 621 Palatinus
759 586 825 621 701
843 589 914 634 fol.
940 589 1012 624 312
1036 592 1100 626 (lar
1139 593 1242 631 Vatilc.
1269 596 1477 633 Bibliotltek.

328 691 594 735 Beatissime
626 695 753 747 pater
775 697 820 738 et
844 697 1034 752 domino,
1068 701 1245 744 domine
1280 706 1655 751 reverendissime.
1696 711 1808 752 Dum
1833 713 1977 766 dispo-

203 762 454 806 ·suissemus
478 766 657 807 nostros
680 768 895 821 oratores,
915 769 1076 822 quibus
1093 785 1174 825 pro
1198 774 1369 816 clariori
1392 780 1539 819 nostre
1563 781 1721 822 mentis
1745 783 1977 826 tenacitate

209 834 351 877 eciam
383 835 568 878 nuncios
607 837 794 880 illustris
827 839 1014 883 Amadei
1052 843 1223 885 comitis
1256 846 1475 889 Sabaudie
1508 851 1588 890 etc.
1630 851 1976 908 adiungentesss)‚

209 906 265 948 ad
298 907 546 950 sanctitatis
578 910 727 951 vestre
761 914 1051 965 conspectum
1084 915 1129 956 in
1162 917 1346 959 materia
1379 919 1692 974 negotiorum¹)
1726 936 1822 965 cum
1856 938 1978 967 reve-

140 977 471 1030 10rendissimo
510 979 557 1022 in
590 980 767 1023 Christo
809 985 937 1036 patre
980 985 1157 1027 domino
1191 987 1423 1030 Francisco
1462 993 1711 1034 sanctorum
1747 994 1902 1037 Cosme
1935 999 1978 1037 et

208 1049 414 1092 Damiani
446 1053 690 1106 martyrum
726 1057 1007 1098 sacrosancte
1041 1057 1242 1100 Romane
1275 1060 1459 1102 ecclesie
1482 1063 1704 1105 cardinale
1726 1065 1977 1110 Florentino

206 1122 450 1175 apostolice
481 1123 600 1165 sedis
634 1125 795 1178 legato,
829 1126 968 1168 amico
1002 1130 1155 1170 nostro
1188 1131 1430 1185 carissimo,
1443 1131 1477 1185 2)
1511 1147 1590 1175 nec
1619 1147 1706 1177 non
1735 1138 1976 1180 oratoribus

205 1192 445 1236 comitatus
478 1194 710 1238 Florencie
754 1198 1043 1241 deductorum
1086 1202 1130 1241 et
1170 1201 1261 1243 fere
1304 1202 1350 1244 in
1383 1202 1474 1245 suis
1507 1206 1682 1257 punctis
1713 1220 1793 1260 pro
1826 1208 1977 1249 maiori

206 1265 334 1316 parte
367 1264 639 1320 digestorum
671 1281 753 1322 pro
785 1268 907 1312 finali
939 1272 1222 1314 conclusione
1256 1287 1278 1314 e
1311 1274 1496 1327 vestigio
1530 1276 1766 1328 destinare,
1800 1292 1898 1320 0000
1921 1280 1975 1320 ab

139 1344 190 1387 15
207 1348 283 1377 ore
320 1338 679 1381 reverendissimi
736 1341 903 1383 domini
942 1342 1164 1396 Brandc3)
1224 1345 1456 1387 cardinalis
1500 1347 1742 1389 Placentini
1785 1351 1828 1390 et
1867 1363 1976 1392 non-

208 1407 432 1450 nullorum
463 1408 790 1464 fidedignorum
813 1414 1063 1456 assercione
1087 1416 1142 1456 ad
1164 1429 1295 1457 aures
1318 1417 1519 1470 pervenit
1540 1419 1724 1470 nostras,
1758 1421 1975 1473 quomodo

207 1478 405 1536 rumor4)
426 1480 647 1524 infaustus
670 1482 716 1524 in
739 1482 984 1538 Bononiab)
1008 1486 1333 1538 insurrexisset,
1365 1489 1407 1529 et
1431 1489 1486 1529 ob
1509 1489 1591 1531 hoc
1613 1491 1655 1531 et
1677 1483 1762 1531 alia
1784 1490 1974 1543 sinistra,

207 1564 294 1605 que
332 1551 608 1606 dicebantur,
647 1556 893 1597 occurrisse
932 1556 978 1598 in
1016 1559 1202 1608 tantum,
1245 1560 1363 1612 quod
1402 1560 1675 1601 sanctitatem
1709 1564 1898 1603 vestram
1931 1564 1974 1604 et

207 1622 375 1664 curiam
408 1626 451 1666 et
484 1625 630 1667 locum
663 1629 859 1669 mutasse
894 1631 938 1670 et
960 1642 1116 1670 versus
1139 1630 1385 1672 Ferrariam
1418 1631 1651 1673 secessisse
1685 1632 1969 1685 oportuisset.

135 1705 192 1746 20
207 1693 271 1735 De
313 1695 475 1748 quibus
519 1696 626 1739 satis
665 1698 842 1741 attoniti
882 1700 1028 1743 anima
1071 1702 1222 1743 nostra
1260 1702 1437 1743 turbata
1469 1705 1535 1744 est
1570 1702 1707 1753 valde,
1750 1702 1785 1743 si
1817 1704 1972 1744 saltem

205 1765 418 1808 relatibus
441 1768 507 1809 rei
530 1768 706 1820 veritas,
742 1771 860 1823 quod
883 1771 1010 1823 absit,
1045 1773 1344 1826 responderet,
1379 1773 1557 1814 eosdem
1580 1775 1773 1814 oratores
1796 1777 1969 1816 nostros

205 1838 249 1878 et
281 1839 468 1880 nuncios
502 1839 670 1882 domini
702 1841 878 1884 comitis
912 1843 1134 1885 Sabaudie
1168 1843 1376 1896 periculis
1408 1843 1578 1885 viarum
1601 1857 1819 1897 exponere
1843 1843 1971 1885 dubi-

203 1908 375 1962 tantes,
434 1910 633 1964 interim,
693 1913 834 1955 donec
895 1914 1116 1956 certitudo
1176 1915 1394 1956 elucescat
1452 1915 1710 1968 superinde,
1770 1914 1970 1956 duximus

319 2051 350 2084 a)
371 2050 410 2078 So
432 2050 625 2086 abyekz'zrzte
645 2053 877 2081 Schreibwez'se.
917 2054 949 2088 b)
970 2054 1117 2082 Banonia
1138 2055 1173 2081 B.

131 2120 187 2162 25
325 2111 351 2155 ¹)
378 2110 440 2145 Da
466 2112 542 2146 aiclt
567 2113 657 2147 auch
683 2113 839 2148 Florenz
864 2126 909 2147 aur
927 2115 993 2148 den
1017 2114 1305 2160 Vcrlnmdlunyen
1331 2114 1539 2159 betheiliyta,
1567 2115 1657 2148 wz'rd
1680 2127 1715 2148 es
1743 2114 1815 2148 siclt
1842 2127 1890 2147 um
1915 2114 1969 2148 die

201 2170 313 2204 clarell
348 2171 413 2206 das
453 2171 666 2217 bordrinyen
697 2173 758 2207 cles
784 2173 919 2219 Kb'm'ys
952 2173 1138 2207 Lacla'slaas
1173 2174 1241 2207 und
1268 2173 1322 2207 dea
1355 2173 1463 2206 (lm-cle
1497 2173 1559 2206 (Ias
1588 2173 1760 2207 Biimlm'ss
1792 2172 1971 2206 desselben

200 2229 264 2264 mit
285 2228 442 2264 Florenz
465 2231 693 2278 ,qescleaffene
719 2232 816 2277 Laye
841 2233 1032 2278 yrleamlclt
1055 2232 1179 2268 haben.

323 2290 350 2334 ²)
375 2289 575 2325 Zabarella
602 2303 677 2325 war
704 2304 758 2325 am
782 2290 840 2326 27.
870 2292 975 2326 Miirz
1000 2304 1045 2326 za
1072 2291 1277 2337 Siyismuml
1298 2291 1449 2337 yesmzdt
1471 2291 1623 2326 worden.
1686 2290 1750 2336 list.
1776 2290 1842 2324 Nr.
1868 2290 1923 2324 51.

322 2350 350 2394 ³)
375 2350 526 2385 Branda
550 2362 626 2385 war
653 2352 687 2385 in
718 2351 864 2397 Unyarn
898 2352 951 2385 als
981 2351 1094 2397 Leyat
1117 2352 1185 2385 savit
1211 2350 1312 2394 1410,
1347 2351 1439 2384 (laun
1475 2352 1595 2396 δμᾶθεν
1630 2350 1689 2383 mit
1715 2349 1914 2394 Siyisnmml
1936 2350 1969 2382 in

131 2418 188 2460 30
201 2407 433 2448 Obaritalien.
1867 2468 1872 2474 ¹
1903 2468 1909 2474 ι

321 2469 350 2513 ⁴)
378 2469 544 2503 Dietriclt
569 2481 638 2504 von
663 2470 765 2505 Niem
790 2470 930 2505 erzc'ilelt
953 2470 1108 2505 dariiber
1135 2471 1168 2503 in
1194 2470 1257 2504 cler
1296 2469 1364 2503 Vita
1389 2469 1563 2502 Jolzanns:
1601 2469 1829 2513 Congregavit
1864 2470 1970 2511 igitur

201 2528 316 2562 dictus
342 2528 530 2563 Ladislaus
556 2540 617 2564 rex
642 2530 734 2564 circa
761 2531 959 2575 principum
988 2531 1116 2564 mensis
1144 2530 1243 2564 Junii
1269 2529 1423 2563 eiusdem
1451 2529 1534 2562 anni
1560 2528 1658 2561 valde
1686 2538 1846 2571 magnum
1873 2537 1967 2559 exer-

201 2588 307 2622 citum
334 2588 492 2632 equitum
519 2591 554 2622 et
578 2589 749 2634 peditum,
777 2601 854 2624 cum
882 2600 962 2634 quo,
988 2593 1029 2623 ut
1054 2590 1204 2630 dicebat,
1236 2589 1339 2622 vellet
1365 2588 1492 2621 dictum
1520 2587 1758 2620 Balthasarem
1786 2586 1821 2619 in
1848 2585 1964 2618 eadem

201 2647 366 2681 Bononia
392 2647 556 2682 obsidere
574 2673 583 2682 .
603 2676 611 2685 .
631 2676 640 2684 .
667 2649 768 2683 Unde
794 2649 991 2688 cardinales
1018 2649 1121 2693 (decla
1146 2648 1238 2682 wohl
1261 2647 1458 2690 curiales?),
1485 2647 1545 2690 qui
1570 2657 1645 2679 cum
1670 2646 1747 2689 ipso
1766 2645 1968 2678 Balthasare

130 2702 185 2745 35
199 2709 285 2741 tunc
310 2709 421 2749 erant,
453 2706 554 2740 valde
579 2707 765 2752 timebant,
798 2709 1016 2753 ignorantes,
1049 2708 1133 2752 quid
1166 2707 1330 2748 facerent,
1363 2709 1401 2739 ut
1427 2716 1463 2739 se
1490 2715 1613 2749 resque
1649 2714 1729 2738 suas
1766 2714 1967 2737 conservare

199 2767 275 2800 tute
301 2768 448 2811 possent
481 2794 488 2802 .
516 2794 524 2801 .
551 2794 559 2802 .
593 2766 696 2800 Multi
721 2767 912 2802 eorundem
939 2768 1121 2802 curialium
1149 2766 1351 2808 compositis
1384 2775 1500 2798 eorum
1533 2763 1718 2797 sarcinulis
1744 2762 1965 2806 pretiosiores

198 2825 279 2860 illas
305 2836 427 2860 versus
453 2825 651 2859 Ferrariam
678 2828 713 2860 et
737 2827 902 2861 nonnulli
920 2827 1088 2861 Venetias
1114 2826 1396 2860 transmiserunt.
1439 2824 1483 2857 Et
1500 2823 1609 2866 aliqui
1628 2822 1730 2855 etiam
1750 2823 1965 2854 recesserunt

198 2887 270 2919 tam
289 2884 439 2919 curiales
458 2895 563 2929 quam
582 2885 766 2920 studentes
785 2882 1047 2920 Bononie'tuns
1066 2886 1252 2920 scholares.
1289 2884 1429 2918 Joleann
1443 2880 1577 2917 XXIII.
1596 2880 1769 2915 sammelte
1793 2879 1964 2924 Truppen,

197 2956 254 2979 wm
287 2944 363 2979 sich
393 2944 466 2978 und
494 2944 549 2978 die
580 2943 693 2978 Kurie
723 2956 770 2978 zu
803 2945 982 2980 selziitzen.
1035 2944 1084 2979 So
1117 2944 1263 2979 standen
1293 2942 1347 2977 die
1380 2941 1520 2976 Saclzen
1551 2941 1692 2985 liinyere
1718 2938 1802 2972 Zeit
1831 2937 1963 3002 (multis

126 3003 353 3053 40diebus)‚
378 3003 425 3038 da
450 3003 530 3038 kam
554 3003 609 3037 die
627 3002 832 3038 Nachrieht
852 3015 922 3039 von
945 3004 1011 3039 der
1036 3004 1216 3039 sclzweren
1239 3000 1478 3045 Erkrankmzy
1504 3000 1564 3033 (les
1589 2997 1721 3043 Kb’niys
1746 2996 1817 3030 und
1838 3006 1964 3029 semem

203 3062 238 3098 T
234 3063 298 3098 ode
323 3063 372 3109 (6¹.
397 3062 561 3110 Auyuet).
586 3073 619 3097 v.
645 3062 678 3097 d.
706 3061 827 3097 Hardt
849 3062 898 3108 II,
922 3062 1004 3097 385.
