2216 3432
291 182 370 224 138
596 187 640 224 II.
666 184 858 220 Abschnitt.
907 182 976 216 Das
1007 179 1177 215 romische
1202 177 1341 215 Konzil.
1392 177 1482 213 1412
1506 176 1580 211 und
1607 175 1708 211 1413.

406 295 447 350 [ξ
482 294 551 348 18]
613 293 720 334 Item
752 290 866 331 circa
893 286 1010 329 istud
1034 285 1207 328 videtur
1229 283 1358 326 modo
1381 295 1477 325 esse
1498 280 1836 337 providendum,
1865 278 2034 323 scilicet

289 366 402 421 quod
440 364 485 405 in
515 359 847 416 provincialibus
883 355 1078 398 conciliis
1117 355 1384 396 statueretur
1419 351 1664 395 inhibendo
1696 351 1778 393 sub
1809 363 1927 405 pena
1957 363 2032 394 ex-

287 431 702 482 communicacionis,
749 443 802 471 ne
841 442 866 470 a
902 426 991 469 suis
1039 424 1298 477 dyocesibus
1343 437 1424 478 per
1464 425 1531 466 tot
1577 423 1620 464 et
1666 423 1791 464 tanta
1832 423 2034 476 tempora

289 505 540 547 recedentes
573 500 754 554 negotiis
777 497 1044 540 secularibus
1067 508 1218 549 regum
1241 496 1283 536 et
1303 494 1555 548 principum
1576 492 1886 547 temporalium
1909 493 2034 534 insu-

288 576 438 617 darent
480 573 555 614 sed
591 572 634 613 in
677 570 766 612 suis
810 568 1111 622 dyocesibusss)
1158 565 1401 607 residentes
1448 564 1624 618 regibus
1671 564 1715 604 et
1757 562 2074 618 principibus5

287 642 595 697 temporalibus
633 639 914 693 poscentibus
953 637 1185 679 concilium
1222 648 1300 689 per
1331 634 1495 689 scripta
1527 635 1682 676 darent
1715 633 1782 675 vel
1815 632 2033 677 ambasia-

286 716 399 756 tores
431 711 517 764 eth)
560 711 605 752 in
642 723 743 752 casu
782 710 917 751 arduo
955 709 999 749 in
1031 707 1210 761 propria
1243 706 1446 747 venirent
1478 706 1522 746 et
1554 705 1732 758 peracto
1765 703 1946 757 negocio
1977 704 2034 747 ad

286 783 460 838 propria
491 781 693 823 redirent.
708 780 737 831 1)
800 779 886 820 lste
917 777 1124 819 articulus
1157 776 1251 817 sine
1283 774 1474 828 generali
1497 773 1683 817 concilio
1706 774 1881 816 videtur
1902 787 2034 829 posse

287 852 511 908 practicari
542 852 584 892 in
616 850 767 905 primis
799 847 1141 902 provincialibus
1174 845 1369 888 conciliis
1403 846 1447 887 in
1479 846 1562 887 hoc
1594 845 1886 887 celebrandis.
1947 845 2034 897 Qui

288 924 323 965 si
355 937 439 964 non
469 921 740 976 practicetur,
773 933 851 973 per
886 918 1210 960 universitatem
1232 917 1416 958 viriliter
1439 916 1558 970 apud
1582 916 1809 958 dominum
1833 917 2034 960 nostrum
2057 919 2107 962 10

286 1005 443 1046 papam
475 994 540 1033 est
573 990 912 1044 prosequendus.

401 1063 442 1117 [ξ
479 1063 548 1116 19]
610 1062 717 1103 Item
750 1061 1022 1111 inducantur,
1055 1073 1108 1100 ne
1140 1061 1319 1113 peccata
1351 1059 1576 1113 suorum⁰)
1603 1057 1882 1100 subditorum
1906 1056 2035 1100 dissi-

292 1134 503 1175 mulantes
542 1146 617 1173 nec
657 1131 829 1173 omnino
867 1130 1129 1183 corrigentes
1167 1131 1234 1171 set
1275 1129 1320 1170 in
1358 1129 1525 1170 eisdem
1569 1127 1786 1182 susceptis
1834 1128 2034 1182 pecuniis

291 1204 525 1245 tolerantes
563 1216 647 1244 non
685 1204 878 1255 pastores
916 1203 982 1242 set
1013 1199 1224 1242 verissimi
1266 1200 1484 1242 bonorum
1517 1199 1811 1253 spiritualium
1844 1212 1894 1242 ac
1925 1201 2035 1242 tem-

290 1273 501 1326 poralium
533 1286 706 1314 suorum
740 1273 1009 1313 subditorum
1033 1272 1135 1312 sunt
1158 1271 1366 1312 censendi
1390 1273 1587 1324 raptores
1611 1284 1661 1312 ac
1684 1283 1865 1312 suarum
1886 1269 2034 1312 ovium
2056 1273 2104 1317 15

292 1343 485 1383 crudeles
517 1342 742 1394 occisores,
775 1343 1042 1383 ostendendo
1074 1341 1206 1383 eciam
1241 1341 1450 1394 pericula,
1484 1340 1645 1395 quibus
1674 1355 1721 1383 sc
1744 1342 1970 1394 exponunt
1992 1342 2035 1383 et

290 1426 390 1453 suas
422 1413 578 1463 oves.2’)
643 1413 723 1453 Hic
755 1412 961 1454 articulus
994 1414 1058 1453 est
1090 1425 1166 1465 per
1199 1411 1530 1453 universitatem
1564 1412 1609 1453 in
1642 1411 1826 1454 concilio
1849 1411 2034 1454 Francie

290 1482 481 1535 proximo
528 1496 575 1523 ac
619 1483 752 1524 eciam
792 1483 835 1524 in
873 1482 1060 1535 generali
1102 1483 1286 1524 concilio
1332 1483 1659 1537 proponendus
1733 1481 1820 1533 Qui
1858 1481 2070 1544 fundari·

291 1552 462 1605 poterit,
500 1553 765 1594 ostendendo
797 1553 1002 1606 pericula,
1044 1554 1204 1606 quibus
1237 1567 1338 1595 suas
1371 1553 1537 1595 animas
1570 1555 1810 1608 exponunt,
1851 1566 1951 1596 cum
1983 1567 2035 1596 ex

290 1621 428 1664 officio
461 1625 690 1664 teneantur
722 1626 898 1676 peccata
931 1623 1166 1677 reprimere
1201 1626 1331 1678 atquc
1365 1625 1580 1678 corrigere
1612 1627 1699 1666 tam
1733 1624 1868 1666 verbo
1901 1637 2033 1678 quam
2049 1630 2106 1672 20

290 1693 412 1743 sacto,
452 1706 547 1733 cum
580 1694 714 1735 eciam
746 1696 974 1735 tencantur
1007 1709 1058 1735 ex
1090 1694 1271 1736 caritate
1304 1708 1405 1737 suos
1447 1695 1668 1749 proximos
1701 1694 1880 1750 diligere
1913 1697 1958 1738 et
1990 1695 2035 1737 in

290 1762 541 1804 necessitate
573 1764 817 1815 subvenire,
850 1766 966 1817 quod
1000 1778 1085 1806 non
1120 1766 1281 1807 faciunt
1316 1766 1419 1808 talia
1453 1765 1778 1820 permittenteS,
1819 1768 1887 1808 set
1918 1766 2036 1808 viam

288 1832 487 1873 interitus
534 1835 576 1874 et
622 1834 772 1875 mortis
820 1835 1057 1887 spiritualis
1106 1838 1276 1888 parant,
1324 1838 1599 1879 ostendendo
1645 1837 1783 1879 eciam
1831 1837 1946 1879 mala
1993 1837 2036 1879 et

289 1903 501 1955 scandala,
541 1917 625 1956 que
667 1904 709 1945 in
742 1905 819 1946 Dei
861 1906 1043 1947 ecclesia
1079 1907 1282 1948 oriuntur
1314 1921 1366 1949 ex
1398 1908 1651 1950 huiusmodi
1685 1907 2034 1950 dissimulatione

289 1974 330 2012 et
361 1973 621 2015 tollerancia.
2049 1983 2104 2026 25

405 2043 445 2096 [ξ
478 2044 546 2098 920]
609 2045 715 2086 Item
751 2046 866 2088 circa
903 2047 983 2088 hoc
1018 2047 1189 2089 videtur
1223 2049 1303 2091 hoc
1336 2050 1465 2091 modo
1498 2051 1587 2091 sore
1618 2049 1954 2104 providendum,
1988 2051 2036 2091 ut

289 2111 333 2153 in
363 2114 632 2166 generalibus
667 2116 860 2157 conciliis
892 2119 1158 2160 statueretur
1191 2119 1389 2161 inhibere
1421 2120 1627 2162 omnibus
1660 2123 1704 2162 et
1735 2120 1919 2174 singulis
1951 2121 2035 2163 suh

288 2196 400 2235 pena
440 2185 911 2238 excommunicacioiiis,
954 2202 1007 2230 ne
1049 2190 1154 2231 talia
1194 2191 1518 2243 permitterent,
1567 2192 1645 2233 sed
1686 2192 1741 2234 ad
1779 2191 2034 2234 huiusmodi

289 2255 462 2304 peccata
500 2255 718 2307 punienda
756 2260 1043 2310 procedentes
1085 2262 1326 2303 secundum
1359 2263 1537 2304 modum
1569 2264 1612 2304 et
1644 2263 1830 2305 foi-mam
1861 2261 1905 2304 in
1929 2262 2034 2310 ‚iure

289 2324 574 2379 contentos.3)
635 2326 717 2367 Hic
758 2327 966 2370 articulus
1012 2330 1085 2371 dat
1130 2332 1304 2373 modum
1352 2333 1614 2386 providendi
1662 2334 1706 2375 in
1755 2332 1892 2387 priori
1939 2333 2034 2375 sine
2049 2337 2106 2379 30

288 2393 474 2444 generali
513 2395 705 2448 coneilio,
746 2399 876 2451 quod,
920 2399 957 2440 si
989 2400 1064 2442 fiat
1096 2401 1141 2442 in
1175 2402 1327 2456 primis
1359 2403 1557 2445 conciliis
1589 2403 1947 2458 provincialibus,
1987 2402 2034 2446 in

2214 1358 2216 1360 .
2208 1129 2216 1337 ..u--..nss

401 2578 431 2611 a)
462 2579 525 2606 Von
549 2588 606 2614 per
631 2582 681 2608 tot
707 2582 754 2610 bis
778 2578 973 2617 dyocesibus
998 2586 1078 2619 fehlt
1105 2589 1150 2622 Β,-
1180 2589 1310 2623 erffl'inzt
1336 2597 1397 2618 aua
1422 2591 1482 2617 (len
1508 2589 1585 2626 Cap.
1605 2590 1721 2626 agend.
1768 2591 1801 2624 b)
1829 2591 1863 2619 et
1888 2590 1971 2625 fehlt
1996 2590 2035 2618 Β·

289 2624 317 2656 c)
338 2625 378 2650 Es
397 2624 477 2658 folqt
497 2627 538 2659 ct,
558 2628 637 2654 ‹loch-
656 2629 862 2665 it'bcrflu'seiy?
883 2633 919 2658 Β.

292 2693 391 2727 ΒοιἸι
414 2696 460 2729 'isc
483 2708 521 2730 er
545 2710 610 2731 nur
633 2700 740 2734 dure-lt
766 2702 821 2735 ein
849 2702 1020 2738 Veraelmn
1045 2706 1080 2739 in
1105 2706 1168 2740 der
1190 2706 1492 2754 Ucberarbee'tuny
1517 2710 1758 2755 ausyelaesen,
1782 2709 1865 2744 weil
1885 2709 1951 2744 der
1973 2708 2036 2743 mit

290 2752 377 2842 cirlca
409 2754 474 2844 ilsta
492 2755 715 2856 §bzggnncmle
746 2759 932 2796 Abschm'tc
966 2763 1027 2797 des
1062 2764 1151 2811 Καρ.
1184 2764 1230 2799 12
1259 2766 1448 2813 unbedinyt
1476 2768 1613 2814 darauf
1638 2769 1808 2804 lainweise.
1863 2767 1938 2814 Vyl.
1967 2767 2035 2802 den
2047 2776 2115 2820 35,

291 2818 325 2842 70
339 2821 414 2855 qen(
428 2824 468 2845 en
583 2840 591 2848 .

406 2882 432 2924 ¹)
457 2881 586 2918 Soweit
606 2888 761 2922 wb'rtlielc
786 2889 1107 2928 iibereinstimmeml
1129 2896 1190 2929 mit
1211 2895 1302 2942 Kap.
1330 2895 1375 2930 12
1397 2897 1462 2932 der
1488 2898 1574 2943 Cap.
1599 2898 1727 2944 agend.

407 2950 433 2993 ⁸)
459 2951 587 2987 Soweit
608 2955 928 2996 ubereisrstimmend
949 2964 1011 2997 mit
1031 2964 1122 3011 Καρ.
1150 2966 1195 3000 12
1217 2966 1282 3001 ‹Ier
1309 2967 1392 3013 Gap.
1419 2969 1544 3014 agend.

406 3019 433 3067 ⁸)
459 3020 587 3060 Soweit
609 3025 925 3067 &bereinstimmend
945 3034 1007 3069 mic
1029 3034 1119 3086 Καρ.
1144 3035 1191 3071 12
1213 3036 1390 3085 (Schluss)
1414 3039 1479 3075 der
1503 3039 1589 3087 cap.
1613 3040 1740 3090 agend.
