2216 3432
261 25 289 34 ¹¹>-
363 24 365 26 '
406 31 410 33 -
457 23 462 28 ‘
506 29 533 38 ea,

374 153 416 190 Β.
442 153 507 188 Die
532 152 595 188 der
619 152 760 187 Pariser
785 153 1002 188 Universitat
1026 155 1251 200 vergelegten
1277 155 1537 200 Reformplfine.
1576 157 1678 192 1411.
1717 157 1778 194 Nr.
1803 159 1859 195 32.
1925 149 2006 190 137
2028 183 2030 185 ,

226 260 514 305 ecclesiastici
552 259 624 303 vel
655 259 990 312 beneficiorum,
1029 260 1066 303 si
1096 262 1260 304 bonam
1293 275 1384 306 non
1416 263 1601 305 fecerint
1633 264 2007 308 examinacionem

225 333 297 376 vel
337 330 714 387 p1·obacionem.¹)
778 332 868 373 Iste
910 331 1120 374 articulus
1163 335 1231 375 est
1270 346 1349 387 per
1387 347 1540 376 omnes
1581 334 1703 388 regni
1734 336 1931 389 prelatos
1964 338 2008 378 et

227 404 564 447 universitatem
599 402 646 444 in
678 402 863 445 concilio
896 404 1091 457 generali
1123 405 1346 458 petendus
1388 406 1431 446 et
1462 406 1800 458 prosequendus
1833 420 1920 460 quo
1953 408 2007 449 ad

225 475 416 531 primam
446 474 540 517 eius
561 476 750 529 partem.
799 474 854 517 Et
888 474 1065 516 fundari
1097 475 1263 528 poterit
1296 489 1349 517 ex
1379 476 1548 518 honore
1582 476 1844 531 episcopalis
1877 478 2007 520 sedis.

186 556 210 597 5
227 548 326 599 Quo
349 547 406 589 ad
428 546 670 589 secundam
692 545 788 587 eius
810 548 986 600 partem
1008 546 1243 600 practicari
1268 548 1416 600 potest
1439 547 1483 588 in
1503 547 1700 590 conciliis
1724 549 2009 601 synodalibus

227 621 304 662 aut
334 617 685 672 provincialibus
729 618 772 659 et
803 616 981 658 fundari
1014 618 1164 670 potest
1197 631 1250 658 ex
1283 619 1379 660 iure
1413 618 1636 660 communi
1670 619 1847 673 scripto.
1912 621 2010 671 Quo

227 690 283 733 ad
315 689 516 732 ultimam
551 688 645 730 eius
677 690 861 743 partem.
882 689 1102 742 petendus
1136 692 1204 730 est
1236 689 1282 729 in
1315 690 1508 743 generali
1543 689 1727 732 concilio
1761 692 1804 732 et
1827 691 2010 733 colorari

226 763 386 815 potest,
425 760 530 814 quia
571 760 742 802 iudices
781 759 985 813 delegati,
1029 773 1219 813 quorum
1253 760 1459 802 omnibus
1494 760 1654 802 dicitur
1693 762 1738 802 in
1771 762 1924 804 bullis:
1964 763 2011 803 cle

227 846 306 888 quo
347 839 462 873 tuam
504 846 722 872 oneramus
765 833 863 884 etc.,
898 830 1023 881 nulli,
1067 832 1390 885 qualiscunque
1425 832 1493 883 sit,
1539 833 1647 874 daut
1679 834 1921 886 repulsum,
1965 836 2012 875 ut

159 912 213 954 10
227 903 448 947 notorium
481 905 560 945 est.

348 975 390 1030 [ξ
429 976 501 1030 15]
566 975 675 1017 Item
711 974 757 1016 in
789 974 963 1029 prefato
997 974 1184 1016 concilio
1206 988 1287 1028 per
1310 977 1512 1016 nostrum
1536 977 1860 1029 proponentem
1884 976 2014 1018 indu-

227 1048 384 1089 cantur
416 1044 583 1089 domini
618 1047 776 1100 prelati
810 1060 860 1088 ac
893 1046 969 1088 alii
999 1046 1081 1087 viri
1112 1045 1413 1093 ecclesiastici,
1447 1047 1496 1088 ut
1525 1060 1650 1088 suam
1678 1047 1814 1088 vitam
1849 1049 2012 1090 ducant

227 1119 473 1160 secundum
496 1120 751 1161 sanctorum
774 1119 951 1171 patrum
976 1132 1128 1159 eorum
1149 1118 1515 1171 predecessorum
1535 1118 1801 1170 sanctiones,
1826 1118 2012 1161 nimium

226 1189 390 1231 fastum
435 1191 481 1231 et
511 1202 698 1243 pompas
743 1189 902 1231 nimias
945 1189 1256 1242 reprimentes,
1308 1202 1397 1230 non
1436 1189 1647 1231 familiam
1687 1190 1751 1230 tot
1787 1189 2012 1232 inutilium

160 1261 593 1316 15multiplicanteS,
636 1261 911 1303 ostendendo
955 1261 1168 1314 pericula,
1213 1261 1376 1314 quibus
1422 1260 1650 1302 verissime
1690 1275 1736 1302 se
1770 1263 2012 1314 exponunt,

227 1346 318 1374 non
362 1332 607 1374 secundum
649 1332 905 1374 huiusmodi
949 1332 1200 1374 sanctiones
1243 1332 1379 1374 vitam
1419 1346 1544 1373 suam
1588 1332 1863 1385 duee11tcs.2)
1928 1332 2013 1374 Hic

228 1405 445 1447 articulus
478 1406 546 1446 est
578 1404 895 1457 practicandus
927 1404 971 1445 in
1006 1404 1192 1446 concilio
1228 1404 1423 1445 Parisius
1457 1405 1501 1444 et
1533 1404 1578 1445 iu
1601 1403 1795 1457 generali
1829 1404 2013 1446 concilio

227 1490 309 1530 per
341 1475 690 1517 universitatem.
741 1476 795 1516 Et
825 1475 1000 1517 fundari
1026 1475 1195 1529 poterit
1219 1475 1548 1533 exracionibus
1571 1475 1811 1529 prioribus,
1846 1475 2013 1517 scilicet

230 1546 367 1589 debiti
402 1561 453 1588 ex
485 1546 630 1588 officio
663 1547 909 1588 honestatis
943 1549 984 1588 et
1020 1546 1329 1599 congruencie.

158 1626 214 1667 20
349 1617 392 1673 [ξ
429 1618 501 1673 16]
565 1618 676 1659 Item
708 1618 993 1668 inducantur,
1027 1619 1074 1658 ut
1107 1631 1253 1673 secum
1289 1617 1474 1659 clericos
1498 1618 1649 1659 doctos
1671 1629 1722 1659 ac
1744 1619 1858 1659 bene
1882 1618 2014 1659 mori-

229 1692 401 1744 geratos
434 1690 642 1741 habeant,
683 1689 905 1743 stipendia
944 1690 1060 1731 bona
1094 1689 1176 1730 sibi
1212 1689 1531 1735 ministrantes,
1565 1702 1647 1742 pro
1680 1689 1881 1741 pluribus
1915 1689 2012 1730 aliis

228 1762 404 1804 famulis
427 1760 663 1802 inutilibus
692 1761 746 1802 ad
770 1774 919 1803 eorem
942 1760 1135 1802 officium
1160 1760 1340 1802 extendi
1364 1760 1659 1814 pretermissis
1682 1761 1749 1801 vel
1773 1760 1961 1802 omissis.
1977 1761 2013 1815 3)

0 1878 14 1896 »-
229 1833 314 1878 Hic
347 1833 560 1875 articulus
595 1833 671 1874 ubi
705 1835 747 1874 et
781 1833 959 1886 quando
994 1834 1041 1874 ut
1074 1833 1317 1885 precedens
1351 1834 1416 1873 est
1450 1845 1529 1885 per
1554 1831 1885 1873 universitatem
1911 1845 2013 1885 pro-

0 1905 6 1935 ῑ
229 1906 498 1959 sequendus.
562 1905 617 1945 Et
647 1903 824 1945 fundari
858 1906 1005 1957 potest
1038 1918 1089 1945 ex
1124 1903 1287 1946 eisdem
1323 1903 1577 1960 racionibus
1611 1905 1659 1944 ut
1691 1903 1829 1955 prius.

0 1998 7 2027 ι
157 1981 213 2023 25
349 1977 392 2032 [ξ
429 1976 501 2031 17]
566 1976 678 2017 Item
701 1976 750 2016 ut
774 1974 953 2017 omnino
978 1976 1246 2016 inducantur
1269 1974 1500 2028 potissime
1524 1967 1705 2015 ecclesie
1728 1974 1930 2020 maiores„
1959 1988 2013 2015 ne

3 2035 5 2038 Α
229 2047 423 2103 negociis
455 2047 729 2090 secularibus
763 2061 916 2101 regum
949 2049 990 2089 et
1022 2047 1275 2100 principum
1308 2046 1618 2100 temporalium
1656 2059 1703 2087 se
1734 2045 2012 2087 immisceant

229 2122 308 2163 aut
348 2120 522 2171 vacent,
571 2119 661 2160 suis
711 2119 903 2172 negociis
946 2118 1267 2172 spiritualibus,
1311 2119 1365 2159 ad
1410 2131 1496 2171 que
1538 2116 1827 2171 spiritualiter
1873 2117 2011 2158 vocati

0 2186 22 2250 ξξ
229 2194 350 2244 sunt,
373 2190 690 2246 pretermissis,
716 2204 796 2233 nec
820 2190 863 2231 in
889 2190 1069 2244 propria
1092 2192 1299 2232 vacantes
1323 2191 1389 2230 set
1412 2202 1491 2241 per
1514 2189 1670 2240 aliena,
1694 2189 2016 2243 ostendendoss)

0 2302 23 2314 ff,
228 2262 604 2315 inconveniencia,
654 2276 741 2316 que
785 2276 837 2304 ex
882 2263 965 2304 hoc
1007 2264 1233 2313 secuntur,
1282 2264 1324 2302 et
1365 2262 1519 2302 secuta
1557 2261 1675 2311 sunt,
1723 2260 1931 2300 scandala
1973 2262 2016 2300 et

0 2344 27 2386 5
160 2334 429 2389 30exempla
467 2334 596 2386 mala,
638 2347 726 2387 que
766 2336 812 2375 in
849 2334 1139 2388 popularibus
1182 2332 1274 2373 suis
1319 2331 1602 2373 inferioribus
1645 2330 1849 2372 oriuntur
1882 2333 2014 2383 alque

0 2402 39 2482 ι
228 2406 444 2461 pericula,
485 2405 649 2460 quibus
693 2418 794 2446 suas
835 2405 1041 2458 proprias
1089 2405 1260 2446 animas
1306 2417 1356 2445 ac
1398 2402 1534 2444 eciam
1578 2402 1745 2443 alienas
1787 2415 1837 2442 ac
1878 2401 2014 2442 eciam

230 2489 418 2531 corpora
460 2475 755 2532 exponunt.4)
819 2476 902 2518 Hic
948 2475 1161 2518 articulus
1204 2477 1250 2516 ut
1287 2475 1534 2529 precedens
1576 2475 1642 2514 est
1678 2473 2015 2526 prosequendus

230 2562 283 2590 ex
315 2548 483 2591 eisdem
515 2548 784 2599 racionibus,
817 2548 1109 2599 ostendendo,
1144 2560 1230 2600 que
1265 2545 1384 2588 dicta
1417 2547 1532 2586 sunt.

349 2641 380 2676 a)
401 2641 527 2669 alienas
548 2641 770 2668 ostendendas
790 2642 827 2668 Β.

161 2693 216 2735 35
353 2690 379 2734 ¹)
406 2688 541 2724 Sowffl't
562 2689 725 2723 wc‘irtlich
750 2688 1081 2723 iibereinstimmeud
1102 2688 1164 2722 ‘mit
1189 2687 1278 2733 Καρ.
1307 2686 1349 2720 11
1377 2687 1441 2720 (lcr
1468 2686 1554 2730 Cap.
1581 2685 1706 2730 agend.

351 2749 379 2793 2)
406 2747 542 2783 Soweit
568 2748 731 2782 wiirtlz'clz
764 2747 1096 2782 &bereinstimmeud
1128 2747 1191 2781 mit
1222 2746 1313 2792 Καρ.
1349 2745 1394 2779 13
1423 2745 1488 2779 der
1523 2746 1606 2788 Cap.
1640 2743 1765 2788 agend.
1815 2742 1894 2775 Nur
1925 2741 2017 2775 steht

231 2812 320 2842 statt
343 2819 462 2842 eorum
489 2808 572 2842 dort
594 2810 808 2843 nostrorum.
862 2807 934 2853 Vyl.
961 2807 1016 2841 die
1037 2806 1148 2841 Stella
1182 2806 1341 2840 Gorgona·
1367 2806 1403 2849 (l.
1425 2817 1453 2841 e,
1472 2804 1573 2848 5.f5.·5).·
1600 2802 1847 2851 Fiatlamplius
1868 2802 2014 2834 honesta

231 2868 405 2902 restrictio
431 2867 513 2901 talis
539 2877 667 2911 pompe
694 2867 731 2900 in
757 2867 985 2901 multitudiue
1011 2876 1160 2900 onerosa
1186 2868 1220 2899 et
1245 2865 1480 2908 incomposita
1506 2867 1558 2896 tot
1583 2863 1789 2896 servitorum
1818 2888 1826 2896 .
1853 2888 1861 2896 .
1890 2887 1898 2895 .

328 2925 359 2972 ³)
386 2926 454 2960 Mic
477 2925 612 2960 kleiner
637 2925 916 2960 redaktz'oneller
942 2925 1180 2970 Abweiclcuny
1212 2924 1337 2958 svweit
1367 2922 1695 2957 &bereinstimmeud
1723 2921 1784 2954 mic
1809 2920 1885 2953 dem
1911 2918 2014 2952 oben-

160 2989 219 3030 40
229 2991 430 3031 yertannten
453 2985 608 3032 Kapitel.

351 3045 380 3092 ⁴)
406 3044 542 3083 Dieser
574 3044 767 3080 Absclmitt
798 3044 916 3094 findet
963 3044 1039 3079 sic-lt
1076 3045 1114 3078 in
1144 3043 1267 3078 lceiner
1299 3041 1500 3077 Recension
1536 3040 1601 3074 dtr
1632 3039 1757 3084 Capita
1788 3037 2013 3084 agendorum.
