2216 3432
221 177 278 219 24
400 208 403 210 -
627 181 654 220 Ι.
680 181 877 217 Abschnitt.
924 176 1348 222 Unionsverhandlungen
1373 176 1428 210 bis
1456 175 1557 213 1413.

306 302 363 347 B.
405 300 615 395 Johann
645 296 825 343 XXIII.
855 295 967 340 und
996 291 1437 408 Κατᾋᾞὲἒῗτθεω
1464 291 1522 337 in
1552 291 1658 338 den
1687 290 1887 339 Jahren

896 364 1009 409 1410
1039 375 1113 408 un
2097 359 2118 411 ,ἶ

229 478 272 522 2.
303 477 502 519 Antwort
529 475 598 516 des
629 472 785 514 Rathes
815 486 865 512 zu
897 468 933 510 V
929 469 1071 524 eneclzq
1102 468 1187 520 auf
1208 469 1308 509 zwei
1338 467 1553 509 Aminnea
1585 466 1769 509 Johanns
1800 466 1975 509 XXIII.

227 547 265 588 1.
307 546 378 588 Sie
408 548 514 587 seien
544 546 619 585 ‘mit
648 543 783 598 Kb‘niq
814 541 1040 582 Ladislaus
1071 538 1303 593 bqfreundet
1338 538 1426 579 und
1463 536 1637 579 lc5nnten
1674 536 1837 579 cleshalb
1867 536 1978 579 Karl

226 617 444 658 Malatesta
473 615 586 655 nicht
614 613 872 655 veranlassen
903 626 978 651 aus
1010 612 1158 650 semem
1178 607 1329 649 Dienst
1357 622 1409 649 zu
1430 615 1575 656 tretem
1604 606 1649 664 2)
1681 609 1768 649 eine
1789 607 2017 664 stdndi9e5

284 684 601 732 Gesandtsclcaft
633 683 735 724 heim
758 681 888 737 Papae
917 695 967 720 zu
988 679 1243 720 anteo-haltere
1263 678 1402 719 wiirde
1428 678 1678 718 Missbrauen
1707 677 1918 722 erweclcen.

894 750 1004 791 1411
1039 749 1206 789 januar
1239 747 1305 788 15.

293 850 368 883 Ans
396 847 641 883 Salamara-leit>
679 845 830 890 l’enediy,
858 843 1126 878 Delibera-*Ioni
1149 842 1207 876 del
1231 841 1362 875 Senatu
1382 840 1516 886 IVsol.
1536 841 1606 875 148
1621 853 1666 875 zu
1684 841 1817 886 obiyem
1840 841 1979 876 Datum.

363 906 658 951 histralctionfilr
684 905 748 938 (len
779 903 975 937 Gexamlten
1005 902 1188 935 Mic-haleca
1214 901 1255 934 de
1286 900 1460 945 Caynoli-s.

341 1014 397 1055 Et
434 1012 622 1066 primum
660 1011 714 1052 ad
756 1010 918 1052 sactum
959 1007 1257 1062 requisitionis
1305 1006 1435 1048 unius
1483 1005 1795 1049 ambaxiatoris
1834 1006 2050 1050 nostriIO

227 1083 425 1126 mittendi
473 1083 527 1124 ad
564 1081 839 1135 magnificum
883 1079 1108 1121 dominum
1139 1078 1348 1120 Karolum
1382 1078 1435 1119 de
1468 1076 1707 1119 Malatestis
1748 1077 1978 1120 occasione

234 1167 405 1206 eorum,
446 1166 532 1206 que
576 1153 791 1203 dicuntur,
831 1151 975 1204 ipsum
1013 1162 1197 1202 querere
1235 1150 1278 1189 et
1318 1148 1460 1189 facere
1487 1148 1598 1189 velle
1640 1148 1695 1190 ad
1726 1147 1983 1191 instantiam

229 1223 490 1265 serenissimi
523 1222 685 1264 domini
718 1221 829 1275 regis
862 1220 1065 1270 Ladizlai‚
1099 1220 1154 1261 ad
1187 1218 1309 1260 cuius
1342 1218 1562 1272 stipendia
1593 1218 1767 1267 militat,
1800 1220 1849 1260 ut
1881 1218 1977 1273 ipse

229 1293 429 1335 dominus
470 1293 658 1334 Karolus
705 1292 936 1333 inducatur
984 1291 1038 1331 ad
1086 1289 1387 1331 desistendum
1435 1303 1460 1330 a
1504 1289 1581 1330 tali
1623 1289 1854 1343 proposito
1895 1291 1977 1332 etc.

227 1364 531 1417 respondetur,
565 1394 574 1404 .
608 1395 616 1403 .
651 1396 659 1404 .
693 1362 774 1403 scit
811 1362 981 1416 (papa),
1015 1394 1023 1402 .
1059 1395 1067 1402 .
1102 1395 1109 1402 .
1145 1361 1263 1413 quod
1295 1372 1393 1400 cum
1426 1360 1605 1401 domino
1638 1373 1740 1413 rege
1775 1359 1982 1402 Ladislao
2002 1359 2052 1401 15

228 1434 392 1475 nullam
425 1434 649 1487 hucusque
681 1432 914 1474 habuimus
947 1444 1123 1472 causam
1158 1430 1239 1471 nisi
1273 1430 1583 1472 benevolentie
1616 1432 1660 1471 et
1692 1430 1874 1482 amoris,
1914 1431 1984 1481 set

228 1504 413 1545 maxime
444 1503 545 1556 quia
576 1516 748 1557 semper
780 1504 822 1543 et
854 1502 1062 1543 continue
1106 1501 1230 1542 multi
1265 1500 1434 1541 nobiles
1477 1501 1522 1542 et
1553 1500 1673 1542 cives
1706 1501 1843 1542 nostri
1878 1514 1982 1543 con-

227 1575 455 1615 versantur
488 1575 531 1614 et
554 1572 825 1614 trafsicantur
857 1573 901 1613 in
934 1572 1062 1613 terris
1096 1574 1138 1613 et
1168 1571 1274 1613 locis
1307 1571 1412 1620 suis,
1438 1605 1446 1613 .
1472 1603 1481 1612 .
1506 1605 1514 1613 .
1539 1584 1627 1612 non
1650 1571 1825 1613 videtur
1856 1571 1984 1613 nobis

228 1644 487 1685 mittendum
519 1644 860 1684 ambaxiatorem
894 1643 948 1684 ad
979 1643 1125 1696 ipsum
1158 1642 1383 1684 dominum
1415 1642 1626 1684 Karolum
1660 1674 1669 1683 .
1704 1673 1712 1683 .
1749 1674 1757 1685 .

341 1714 409 1755 Ad
456 1715 619 1755 sactum
664 1714 813 1755 autem
860 1714 1040 1755 alterius
1090 1713 1389 1766 requisitionis
1436 1712 1549 1755 facte
1590 1714 1740 1755 nostro
1783 1712 1978 1756 dominio
1995 1712 2052 1754 20

227 1798 303 1838 per
323 1786 544 1827 dominum
578 1797 750 1839 papam,
783 1784 998 1834 videlicet,
1032 1786 1080 1826 ut
1114 1784 1340 1826 mittamus
1374 1797 1511 1826 unum
1544 1784 1738 1826 nobilem
1767 1786 1984 1836 nostrum,

189 1904 192 1907 μ
232 1856 306 1908 qui
339 1855 542 1897 continue
575 1857 660 1897 stet
692 1855 737 1896 in
766 1855 967 1897 Bononia
999 1856 1054 1897 ad
1086 1855 1317 1897 consilium
1349 1854 1514 1897 domini
1547 1867 1662 1909 pape
1685 1856 1766 1897 etc.
1800 1867 1984 1908 respon-

230 1926 393 1977 deatur‚
426 1927 543 1978 quod
575 1926 873 1979 cognoscimus
907 1927 987 1968 hoc
1010 1927 1248 1980 procedere
1281 1939 1306 1967 a
1333 1939 1505 1968 summa
1537 1926 1770 1967 clementia
1801 1938 1894 1975 Sua,
1913 1959 1923 1968 .
1944 1958 1952 1968 .
1973 1959 1982 1967 .

229 1998 294 2037 set
316 2010 564 2049 pensamus,
597 1997 715 2049 quod
737 1997 818 2038 hoc
844 2010 928 2038 non
962 1997 1076 2037 soret
1108 1997 1191 2038 nisi
1216 1998 1320 2039 dare
1352 1998 1607 2050 suspectum
1640 1996 1751 2048 aliis,
1775 1995 1985 2050 precipue

229 2066 273 2107 in
305 2066 499 2120 presenti
531 2068 750 2119 tempore3
784 2068 850 2108 set
882 2068 979 2120 plus
1004 2067 1192 2108 debente
1226 2067 1461 2109 sanctitate
1495 2081 1576 2109 sua
1614 2080 1710 2109 esse
1743 2066 1983 2109 mediatore
2000 2066 2054 2108 25

233 2150 281 2177 ac
322 2136 630 2190 interpositore
673 2137 916 2178 differentie
957 2137 1184 2179 existentis
1226 2137 1341 2179 inter
1382 2137 1717 2179 serenissimum
1759 2131 1990 2180 dominum*

232 2220 374 2259 regem
399 2206 622 2260 Hungarie
646 2209 690 2247 et
714 2209 912 2250 nostrum
935 2208 1176 2250 dominium
1210 2209 1265 2249 ad
1295 2208 1578 2250 concordium
1600 2207 1986 2262 interponendum,

232 2269 320 2318 no'n
361 2276 583 2318 videretur
615 2277 741 2319 nobis
792 2279 1027 2320 honestum
1069 2292 1149 2320 nec
1189 2279 1458 2320 conveniens
1501 2280 1653 2320 tenere
1693 2278 1754 2320 ibi
1795 2278 1987 2332 aliquem

230 2349 426 2388 nostrum
456 2348 658 2399 nobilem,
690 2351 737 2390 ut
770 2362 856 2390 non
890 2350 1015 2391 detur
1037 2350 1220 2392 materia
1248 2350 1344 2391 aliis
1373 2350 1628 2403 suspicandi
1651 2351 1694 2391 et
1716 2348 1987 2403 imaginandi

229 2416 285 2468 id,
318 2418 434 2470 quod
466 2417 689 2471 imaginari
722 2432 809 2460 non
841 2420 970 2461 debet
1003 2452 1012 2461 .
1046 2452 1055 2461 .
1091 2452 1100 2461 .
2001 2419 2058 2462 30

229 2545 271 2588 3.
327 2544 415 2586 Der
454 2544 564 2586 Rath
605 2561 656 2587 zu
695 2545 871 2603 Venediq
924 2549 1019 2589 ‘rci'tlc
1059 2548 1171 2589 Karl
1207 2548 1430 2590 Malatesta
1472 2564 1545 2590 vem
1590 2549 1663 2590 der
1707 2548 1988 2604 Bedrd'nqunq

231 2615 302 2656 der
335 2616 456 2656 stadt
484 2616 670 2672 Boloyna
707 2633 843 2673 weyen
878 2618 991 2659 ihrer
1023 2618 1369 2674 Anhanqlichlwit
1404 2634 1460 2660 an
1499 2618 1666 2660 «ΙοῘιαηη
1704 2617 1876 2662 XXIII.
1919 2618 1985 2662 ab.

947 2688 1056 2728 1411
1091 2688 1196 2731 Jum'
1223 2688 1265 2729 6.

300 2777 373 2812 Aus
394 2779 640 2814 Stant-sarchin
668 2779 819 2827 l'enatley,
840 2781 1110 2816 Delibera-’iem'
1125 2783 1184 2816 del
1196 2782 1328 2817 Senato
1343 2782 1402 2818 IV.
1412 2783 1483 2829 fol.
1499 2782 1567 2818 174
1581 2790 1600 2810 v
1629 2795 1674 2818 zu
1692 2783 1828 2829 obiyem
1845 2782 1988 2817 Datum.

348 2883 461 2934 Quia
505 2899 584 2939 per
629 2886 1003 2942 informationem,
1051 2902 1186 2942 quam
1231 2889 1467 2932 habuimus
1513 2890 1569 2932 ab
1616 2889 1987 2933 ambasiatoribus
2002 2902 2057 2944 35

233 2953 511 2996 comunitatis
542 2956 736 2999 Bononie
774 2959 968 3011 videtur,
1013 2960 1134 3013 quod
1174 2959 1269 3013 ipse
1313 2959 1517 3003 dominus
1549 2960 1734 3003 Carolus
1766 2960 1821 3003 de
1851 2959 1988 3002 Mala-

231 3022 356 3064 testis
389 3025 441 3066 de
473 3038 561 3069 una
592 3028 751 3070 solare
779 3031 1004 3072 remaneat
1035 3031 1078 3073 et
1109 3029 1168 3073 sit
1198 3029 1245 3073 in
1277 3029 1533 3075 differencia
1563 3043 1664 3075 cum
1687 3030 1807 3077 dicta
1837 3043 1988 3077 comu-
