2216 3432
462 167 505 212 B.
543 170 696 223 Gregors
714 169 796 214 XII.
816 176 977 226 Stellung
994 193 1072 217 zum
1090 176 1217 218 Konzil
1243 185 1296 220 bis
1315 198 1376 222 zur
1392 182 1595 236 Erssffnung.
1635 187 1694 229 Nr.
1721 193 1775 230 70.
1916 182 1999 230 289

241 286 473 340 regeretur
493 297 575 340 per
597 283 712 336 illos,
746 285 822 340 qui
845 287 1016 331 duobus
1040 292 1374 347 condempnatis
1406 309 1486 350 per
1516 297 1743 342 ecclesiam
1775 301 1827 343 de
1859 303 2000 346 heresi

241 358 286 398 et
323 355 528 398 scismate
571 356 866 399 obediverunt
906 361 949 401 et
986 360 1211 414 obediunt,
1251 377 1338 407 non
1378 369 1496 409 esset
1532 368 1645 411 bene
1682 370 1854 414 iustum.
1916 376 2003 417 Sed

242 428 584 482 congregabitur
615 440 696 481 per
728 429 809 470 Dei
843 430 1034 483 graciam
1067 434 1299 477 concilium
1331 438 1532 489 generale
1555 440 1737 482 ecclesie
1759 445 1801 484 et
1823 444 2001 497 spiritus

242 500 424 542 sanctus
477 499 562 541 erit
613 499 660 540 in
706 499 851 541 medio
893 503 1088 544 nostrum
1131 506 1174 546 et
1220 506 1325 548 tunc
1362 508 1521 562 spiritu
1561 513 1710 553 sancto
1749 518 2003 567 suggerente

200 569 523 614 5ordinabitur
569 571 624 612 de
675 571 902 624 omnibus,
955 574 1067 616 sicut
1114 577 1359 619 secundum
1404 579 1546 621 Deum
1593 582 1636 622 et
1671 581 1880 626 iusticiam
1925 586 2005 628 erit

242 642 507 685 faciendum.

362 713 460 769 [12]
492 714 697 756 Verum.
762 715 825 756 De
856 715 982 757 ‘facili
1025 719 1172 769 potest
1214 717 1297 760 iste
1337 721 1608 774 renunciare,
1650 724 1723 777 qui
1758 737 1844 767 non
1875 727 2006 769 habet

244 798 324 828 neo
355 786 521 828 habere
561 786 709 840 potest
747 785 816 827 ius
856 787 902 828 in
940 790 1121 841 papatu,
1165 790 1242 830 sed
1277 790 1332 831 ad
1365 791 1720 836 satisfaciendum
1752 795 1836 837 illis
1850 797 1899 851 ¹²),
1933 798 2007 851 qui

243 870 372 899 suum
396 870 593 900 errorem
618 860 881 911 sequuntur,
915 860 1058 911 credo,
1084 862 1200 914 quod
1229 860 1478 918 dominusb)
1505 877 1579 905 rex
1602 865 1899 909 Romanorum
1922 881 2007 909 non

175 929 229 970 10
244 929 376 971 debet
408 929 601 971 refutare
633 930 902 982 potestatem
934 930 979 971 in
1012 931 1099 972 isto
1133 933 1320 974 articulo
1344 933 1427 975 sibi
1449 935 1699 991 oblatam.⁰)
1750 938 1804 978 Et
1835 939 1869 980 si
1894 942 2007 981 recte

245 1001 348 1043 velit
390 1001 638 1050 ambulare,
686 1001 838 1043 veniat
876 1000 988 1054 veld)
1033 1003 1179 1044 mittat
1218 1004 1274 1045 ad
1322 1006 1556 1047 concilium
1594 1009 1811 1060 generale,
1850 1011 1892 1051 et
1931 1009 2007 1063 illi,

243 1072 320 1126 qui
353 1074 605 1126 sequuntur
639 1086 755 1124 eum,
790 1075 833 1114 et
866 1076 972 1115 tunc
1006 1075 1138 1126 Deus,
1172 1075 1293 1116 cuius
1326 1089 1459 1118 causa
1491 1078 1647 1131 agitur,
1680 1079 1759 1120 erit
1790 1080 1835 1121 in
1868 1082 2008 1123 medio

244 1145 446 1185 nostrum
487 1145 531 1185 et
574 1144 699 1185 dabit
736 1158 883 1199 pacem
923 1146 968 1185 in
1009 1152 1118 1186 terra
1162 1145 1385 1187 seminibus
1430 1147 1527 1188 bone
1567 1149 1838 1204 voluntatis.1)
1910 1151 2008 1193 Non

242 1217 391 1257 tamen
425 1216 590 1261 credat,
625 1216 743 1269 quod
776 1228 857 1269 per
891 1230 1017 1258 suam
1041 1218 1438 1270 renunciaeionem,
1471 1233 1555 1272 que
1578 1220 1740 1262 nullius
1763 1222 1829 1262 vel
1853 1223 2006 1264 modici

176 1285 228 1327 15
243 1288 390 1340 potest
423 1300 520 1328 esse
554 1286 751 1337 effectus,
785 1301 915 1329 verus
948 1301 1063 1342 papa
1096 1289 1191 1342 pari
1213 1302 1349 1342 passu
1372 1290 1638 1332 ambulando
1661 1305 1758 1333 cum
1781 1305 1832 1333 eo
1856 1293 2010 1334 debeat

242 1357 329 1400 iuri
371 1371 452 1400 suo
493 1372 573 1412 per
606 1360 904 1401 universalem
946 1360 1177 1401 ecclesiam
1209 1361 1314 1414 siff)
1347 1361 1633 1415 solempniter
1665 1363 1965 1416 determinato,
1978 1362 2008 1419 f)

244 1430 521 1481 renunciare,
556 1430 662 1484 quia
694 1444 782 1472 non
817 1432 936 1473 esset
968 1431 1147 1473 iustum.

364 1500 461 1557 [13]
497 1502 613 1544 Non
647 1502 822 1556 tetigi.
887 1503 951 1544 De
982 1504 1053 1544 via
1086 1502 1375 1545 restitutionis
1408 1517 1496 1545 non
1529 1505 1702 1557 oportet
1727 1505 1858 1558 loqui,
1892 1506 2008 1558 quia,

242 1575 482 1628 postquam
515 1575 582 1615 est
614 1587 694 1628 per
728 1575 994 1616 sententiam
1027 1574 1199 1616 concilii
1224 1575 1436 1628 generalis
1460 1576 1641 1616 ecclesie
1665 1576 2008 1629 condepmnatus

172 1644 230 1685 ΞΟ
246 1645 301 1686 de
349 1645 494 1686 heresi
544 1647 587 1686 et
631 1645 861 1697 scismate,
902 1646 1131 1687 restitucio
1172 1646 1313 1687 locum
1357 1659 1441 1686 non
1483 1646 1633 1697 habet,
1674 1647 1750 1687 sed
1786 1659 1811 1687 a
1848 1647 2008 1687 talibus

244 1715 415 1758 frivolis
467 1716 810 1770 allegationibus
865 1718 1118 1768 deberentss)
1179 1718 1322 1770 ipsum
1369 1716 1573 1758 cohibere
1618 1718 1749 1758 verba
1795 1718 2007 1771 prophete

244 1787 456 1829 dicentis:
498 1785 564 1838 Ve,
597 1789 669 1842 qui
700 1789 839 1828 ‹lic-itis
865 1787 1012 1828 bonum
1043 1789 1197 1827 malum
1227 1795 1263 1828 ec
1293 1788 1447 1827 ‘malum
1481 1786 1636 1835 bonum,
1662 1795 1854 1841 ponentes
1885 1788 2009 1827 lucem

243 1859 286 1899 in
320 1858 498 1899 tenebris
510 1857 544 1913 Ὀ
580 1866 616 1900 et
647 1858 836 1899 tenebras
867 1861 912 1899 in
944 1857 1081 1914 tuaest)
1115 1874 1212 1898 nam
1237 1866 1404 1912 propter
1436 1858 1535 1898 tales
1566 1858 1713 1897 dilatat
1751 1858 1936 1907 infernus
1967 1872 2009 1897 OS

243 1944 376 1979 suum,
407 1936 453 1970 ut
472 1931 582 1985 ipsos
605 1930 814 1985 cleylucz'at
835 1938 871 1971 et
892 1932 935 1970 in
958 1936 1135 1970 eternmn
1151 1929 1323 1984 predam
1340 1930 1484 1983 pirata
1505 1926 1760 1982 crudeliterk)
1784 1926 2004 1982 abductast)

173 2001 229 2042 25
362 2001 414 2043 In
456 2002 541 2043 isto
587 2001 710 2043 finali
758 2002 946 2043 articulo
988 2015 1066 2054 ego
1111 2002 1266 2055 summ)
1304 1999 1553 2052 aliqualiter
1591 1998 1862 2051 pacificatus,
1906 1999 2009 2051 quia

245 2071 363 2124 dicit,
406 2073 527 2126 quod
559 2073 652 2114 filio
685 2074 800 2115 bene
834 2072 1083 2114 consulenti
1117 2074 1182 2112 est
1215 2073 1394 2124 paratus
1427 2071 1592 2111 cedere.
1657 2070 1764 2119 Quis
1796 2071 1861 2110 est
1892 2068 2006 2110 enim

246 2144 319 2185 ille
330 2145 368 2199 ¹¹)
390 2145 517 2186 tanto
540 2143 713 2197 fastigio
737 2143 949 2195 tumidus,
982 2143 1056 2196 qui
1085 2156 1262 2184 sensum
1286 2142 1475 2194 regalem
1498 2143 1716 2194 spernat⁰)
1742 2142 1784 2181 et
1806 2141 1841 2180 si
1864 2140 2007 2181 verbis

246 2215 408 2271 factap)
440 2218 714 2269 compenset,
748 2215 1056 2256 indubitanter
1092 2215 1232 2263 teneo,
1266 2214 1382 2266 quod
1412 2214 1556 2253 vestra
1585 2211 1822 2265 imperialis
1852 2211 2007 2251 maies-

244 2288 312 2328 tas
352 2287 530 2329 salubre
573 2287 806 2329 consilium
850 2287 934 2328 sibi
983 2287 1116 2327 dabit.
1195 2285 1350 2326 Veniat
1389 2298 1503 2336 ergo,
1544 2283 1667 2324 sicud
1707 2283 1793 2323 iam
1831 2281 2008 2334 supraq)

174 2358 231 2399 30
246 2358 412 2400 dictum
446 2360 527 2410 est⁷
560 2359 615 2399 ad
649 2358 884 2400 concilium
919 2357 1124 2410 generale
1158 2356 1339 2397 ecclesie
1373 2354 1530 2407 spiritu
1563 2354 1712 2394 sancto
1752 2352 2008 2405 suggerente

244 2428 291 2470 in
333 2428 458 2471 brevi
497 2442 580 2482 per
618 2443 780 2483 papam
825 2431 870 2471 et
909 2430 1101 2470 vestram
1147 2427 1416 2468 maiestatem
1462 2425 1731 2478 imperialem
1771 2424 1860 2464 Deo
1901 2422 2008 2463 duce

245 2500 616 2553 congregandum.
701 2501 796 2553 Etr)
849 2502 955 2541 tunc
1017 2499 1244 2552 sequendo
1299 2496 1529 2538 consilium
1580 2496 1723 2536 vestre
1771 2491 2008 2534 maiestatis

245 2573 431 2612 eruetur
462 2571 650 2613 ecclesia
680 2571 728 2612 de
760 2571 855 2612 lacu
885 2571 1046 2612 miserie
1078 2576 1114 2610 et
1141 2569 1189 2609 de
1218 2569 1300 2608 luto
1319 2566 1476 2621 f'ecz‘sst)
1512 2566 1629 2619 quod
1652 2564 1777 2606 nobis
1801 2563 2007 2605 concedat

244 2641 334 2693 ille,
366 2642 443 2695 qui
476 2641 572 2683 sine
602 2641 692 2684 fine
723 2641 835 2685 vivit
867 2643 911 2687 et
944 2643 1110 2695 regnat,
1144 2653 1283 2681 amen.
1298 2640 1330 2694 r)

176 2820 232 2863 35
365 2818 396 2852 a)
416 2817 469 2845 illi
490 2817 520 2845 0.
558 2817 591 2851 b)
612 2817 722 2845 dictus
743 2817 774 2845 Ο.
811 2818 839 2852 c)
861 2817 1011 2845 oblatum
1033 2817 1062 2844 Ο.
1099 2815 1133 2850 d)
1156 2816 1188 2843 et
1208 2815 1244 2842 B.
1276 2815 1304 2847 e)
1326 2812 1389 2840 sibi
1410 2813 1441 2840 O.
1475 2811 1499 2845 s)
1520 2810 1692 2854 terminato
1715 2809 1743 2836 O.
1773 2808 1804 2842 g)
1826 2806 1959 2858 deberet
1979 2806 2008 2832 C.

245 2866 279 2901 h)
299 2866 457 2894 tenebras
479 2866 509 2894 Ο.
550 2865 573 2900 i)
593 2864 700 2893 lucem
724 2865 754 2893 Ο.
790 2864 825 2899 k)
847 2864 994 2892 crudelis
1016 2865 1045 2892 0.
1084 2863 1105 2897 l)
1126 2863 1227 2891 ducat
1248 2863 1276 2890 O.
1313 2868 1355 2890 m)
1377 2859 1462 2887 Fehlt
1484 2860 1512 2887 Ο.
1549 2859 1579 2891 n)
1600 2856 1686 2884 Fehlt
1705 2857 1742 2883 Β.
1778 2856 1807 2885 ο)
1828 2855 1953 2889 Spermt
1973 2853 2008 2879 B.

246 2915 280 2950 p)
300 2914 389 2942 facto
411 2914 441 2942 Ο.
479 2917 510 2947 q)
531 2919 633 2948 supra
651 2912 718 2940 iam
739 2913 769 2940 0.
805 2913 834 2946 r)
854 2911 943 2949 Fehlt
964 2912 994 2940 0.

369 2975 396 3018 ¹)
421 2973 537 3007 Lucas
562 2971 597 3016 2,
623 2972 686 3014 14,·
711 2971 829 3007 Isaias
855 2972 889 3015 5,
913 2970 962 3006 20
975 2983 1041 3012 ss.,·
1066 2970 1186 3005 Psalm
1209 2968 1267 3012 39,
1292 2967 1325 3001 3.

318 3139 461 3175 Finko,
479 3138 563 3167 Acta
582 3136 716 3167 concilii
736 3135 1014 3165 constanciensis.
1044 3135 1070 3165 1.
1681 3117 1731 3159 19
