2216 3432
472 166 515 203 D.
558 167 776 214 sigismund,
802 171 1028 218 Frankreich,
1053 176 1211 223 England
1239 180 1309 215 und
1335 181 1395 216 das
1421 183 1556 221 Konzil.
1598 186 1656 223 Nr.
1685 188 1757 225 104.
1907 182 1988 224 379

249 275 531 332 principibus
579 274 786 319 odibilem
828 292 878 321 ac
917 280 1081 324 honore
1123 284 1321 340 famaque
1364 301 1541 342 prorsus
1587 293 1817 337 destitutus
1865 297 1988 341 bonis

250 346 458 391 omnibus
490 360 538 390 se
573 348 763 391 reddidit
794 349 1034 405 indiguum,
1068 355 1231 398 malitia
1262 359 1435 413 propria
1466 374 1511 402 se
1542 362 1684 416 ipsum
1706 364 1986 410 inabilitante.

370 419 461 461 Sed
501 419 547 461 et
583 420 813 474 tamquam
850 424 1040 466 vasallus
1078 428 1188 469 sacri
1225 427 1396 482 imperii
1433 431 1573 482 feuda,
1611 447 1694 487 que
1726 435 1779 477 ab
1810 436 1988 489 imperio

249 490 517 544 dependent„
563 490 711 533 amisit
745 493 788 533 et
820 493 874 534 ab
906 496 1022 537 omni
1056 497 1150 538 iure
1183 499 1335 541 cecidit
1366 501 1525 555 illaque
1558 504 1610 544 ad
1644 517 1720 545 nos
1751 509 1795 547 et
1825 520 1989 548 sacrum

206 560 484 616 5imperium
518 563 563 604 et
595 562 893 606 omnimodam
926 565 1251 620 dispositionem
1286 573 1388 612 sunt
1419 573 1547 625 pleno
1578 574 1669 615 iure
1702 575 1911 617 devoluta.

366 633 480 675 Item
513 634 557 675 et
589 633 841 677 Anthonius
874 637 928 678 de
960 637 1258 696 Burgundia¹)
1291 641 1422 683 frater
1453 644 1559 687 eius,
1593 644 1666 697 qui
1699 647 1913 698 pretendit
1943 661 1988 688 se

246 704 404 746 ducem
450 703 712 758 Brabancie‚
766 706 842 760 qui
888 709 931 749 et
978 709 1322 765 Lucemburgam
1375 714 1455 754 sub
1506 715 1715 756 velamine
1767 718 1809 757 et
1857 717 1991 770 tytulo

246 774 443 818 dotalicii
491 789 708 831 usurpare
752 779 949 827 molitur„
991 794 1088 822 cum
1134 783 1278 824 tamen
1319 784 1362 825 in
1411 785 1525 826 dicto
1566 787 1719 827 ducatu
1757 786 1990 828 Brabancie

244 846 417 889 nullum
458 847 529 889 ius
562 862 615 890 ex
655 862 932 904 quacumque
974 864 1104 893 causa
1145 853 1393 895 rationabili
1442 856 1522 896 sibi
1567 858 1786 908 conpetat,
1824 857 1897 898 sed
1935 857 1991 898 sit

177 919 231 961 10
243 931 364 960 mere
396 919 509 961 sacri
542 920 728 974 imperii,
763 922 807 963 et
835 922 972 963 eciam
997 922 1082 973 illa,
1116 937 1202 977 que
1225 925 1420 977 prefatus
1443 925 1688 968 Autlwnius
1711 926 1799 968 iure
1822 927 1990 968 docium

243 990 474 1032 attendere
519 991 690 1042 debuit,
738 992 916 1035 minime
961 994 1170 1047 servavit,
1213 997 1287 1037 sed
1334 997 1511 1050 propria
1555 997 1792 1038 temeritate
1831 997 1989 1038 dictum

243 1060 452 1104 ducatum
492 1062 740 1106 Brabancie
782 1064 829 1106 in
866 1065 1078 1107 iacturam
1111 1067 1221 1108 sacri
1254 1067 1419 1120 imperii
1452 1071 1633 1120 occupat
1665 1070 1706 1109 et
1737 1069 1862 1109 etiam
1895 1081 1990 1120 per-

242 1145 398 1186 peram
442 1134 623 1176 molitur
662 1136 907 1189 predictam
949 1136 1294 1191 Lucemburgam
1335 1151 1414 1192 pro
1452 1152 1498 1179 se
1537 1151 1760 1192 usurpare7
1799 1138 1991 1178 devasta-

243 1204 407 1255 ciones⁷
446 1204 665 1259 incendia,
707 1207 864 1260 spolia,
907 1209 1072 1261 strages
1114 1208 1367 1250 innumeras
1408 1210 1450 1250 et
1487 1210 1673 1262 dampna
1712 1209 1918 1249 violenter
1949 1208 1992 1247 et

175 1275 464 1318 15hostilite1·
495 1276 663 1319 ibidem
695 1278 1008 1320 conmittendo.

362 1346 552 1401 Dignum
584 1347 735 1402 itaque
769 1350 836 1390 est
867 1350 1089 1401 censendi,
1119 1353 1165 1391 ut
1187 1353 1336 1392 contra
1359 1352 1400 1391 et
1422 1350 1628 1391 adversus
1651 1350 1747 1391 illos
1769 1361 1991 1402 perversos

241 1416 400 1460 fratres
444 1419 498 1461 de
531 1419 791 1474 Burgundia
838 1421 928 1461 tam
968 1421 1142 1463 racione
1180 1421 1338 1474 patrati
1371 1421 1543 1462 sceleris
1582 1434 1709 1473 quam
1743 1419 1991 1460 temeritatis

241 1492 472 1543 assumpte
513 1503 594 1544 per
631 1492 854 1545 predictos
892 1493 982 1533 tres
1022 1492 1189 1545 reges2)
1229 1493 1340 1533 vires
1373 1493 1652 1533 exerceantur
1682 1493 1724 1531 et
1755 1490 1990 1542 aggregatis

241 1559 286 1601 in
309 1573 449 1604 unum
472 1560 641 1604 viribus
664 1562 812 1604 taliter
834 1563 1110 1616 procedatur,
1136 1563 1252 1616 quod
1275 1563 1432 1603 ceteris
1455 1562 1612 1603 similia
1634 1560 1989 1613 attemptantibus

169 1633 227 1675 20
239 1632 440 1674 transeat
471 1633 518 1674 in
550 1633 777 1676 terrorem.

358 1703 415 1745 Et
447 1705 496 1746 ut
530 1704 728 1758 prefatus
767 1719 843 1747 rex
883 1705 1036 1759 Anglie
1077 1705 1282 1747 reddatur
1313 1705 1366 1746 ad
1397 1704 1608 1757 premissa
1640 1701 1858 1748 attencior,
1891 1713 1988 1752 pre-

239 1773 406 1816 libatus
453 1789 531 1817 rex
578 1777 898 1829 Romanorum,
957 1777 1238 1827 dummodost)
1286 1789 1363 1829 pro
1412 1773 1715 1827 recuperandis
1763 1773 1805 1811 et
1850 1770 1986 1823 adipi-

238 1845 413 1888 scendis
445 1846 574 1888 bonis
628 1849 671 1888 et
723 1847 895 1890 iuribus
948 1847 1272 1900 imperialibus,
1325 1859 1409 1899 que
1463 1844 1680 1886 memorati
1735 1843 1883 1882 fratres
1935 1840 1987 1881 de

237 1916 498 1972 Burgundia
538 1920 765 1971 tenerent,
805 1920 984 1961 adiuvet
1020 1919 1164 1972 ipsum
1208 1920 1251 1959 et
1289 1917 1369 1958 sibi
1402 1914 1629 1957 subveniat
1665 1915 1706 1955 et
1744 1911 1981 1954 auxilietur.

166 1989 223 2031 25
238 2001 292 2030 ex
331 1989 438 2031 tunc
481 1989 557 2032 illa
598 1990 717 2031 bona
756 1992 800 2032 et
839 1990 954 2042 iura,
993 2004 1078 2043 que
1120 1989 1165 2030 in
1204 1989 1403 2030 manibus
1441 1986 1594 2041 prefati
1628 1983 1832 2026 nominati
1867 1980 1985 2022 ducis

235 2059 493 2113 Burgundie
525 2060 570 2103 in
604 2061 810 2104 Flaudria
848 2062 1042 2103 existunt
1073 2062 1127 2102 ab
1160 2060 1341 2113 imperio
1373 2056 1683 2110 dependencia,
1716 2054 1889 2107 paratus
1921 2051 1986 2090 est

237 2131 383 2173 eidem
415 2131 507 2185 regi
530 2131 690 2186 Anglie
723 2133 985 2175 auctoritate
1017 2130 1230 2185 imperiali
1262 2130 1305 2171 in
1328 2129 1502 2171 feudum
1525 2126 1717 2169 conferre
1741 2125 1782 2165 et
1804 2123 1984 2170 donau-03

236 2202 299 2245 ita
332 2203 453 2256 quod
485 2203 603 2245 idem
635 2217 712 2245 rex
744 2203 903 2258 Anglie
936 2202 1110 2245 adiuvet
1142 2214 1284 2255 regem
1316 2201 1609 2242 Romanorum
1641 2196 1695 2237 ad
1732 2204 1985 2267 recuperau-

238 2274 344 2316 dum
383 2274 437 2316 de
478 2275 685 2316 manibus
725 2276 945 2317 dictorum
984 2274 1165 2315 fratrum
1206 2273 1257 2313 de
1288 2269 1537 2324 Burgundia
1567 2268 1639 2309 illa
1669 2267 1794 2315 bona,
1827 2275 1910 2315 que
1942 2273 1985 2300 m

165 2345 496 2399 30Burgundia
528 2348 573 2388 et
604 2346 830 2388 viceversa
867 2346 984 2388 idem
1024 2358 1097 2386 rex
1130 2344 1425 2385 Romanorum
1463 2339 1629 2381 iuvabit
1665 2337 1806 2390 ipsum
1846 2344 1986 2411 regem

234 2415 394 2470 Anglie
440 2417 496 2458 ad
544 2417 838 2471 optinendum
881 2416 1000 2458 illam
1048 2416 1218 2469 partem
1263 2414 1416 2463 totam,
1464 2424 1548 2463 que
1591 2409 1635 2449 in
1683 2405 1883 2448 Flandr1a
1932 2401 1984 2441 ab

235 2486 423 2541 imperio
456 2487 680 2541 dependet
713 2490 792 2530 etc.
828 2488 908 2529 etc.

234 2626 338 2671 105.
384 2626 522 2683 Ko‘m‘y
556 2626 803 2684 Siyismund
832 2627 1044 2683 ansKarl
1082 2624 1151 2668 VI.
1185 2639 1258 2666 von
1288 2621 1582 2673 Frankreich):
1623 2618 1693 2658 Da
1723 2631 1766 2658 er
1796 2614 1880 2656 siclt
1911 2613 1993 2664 auf

235 2698 314 2741 den
353 2697 532 2740 Wunsoh
564 2699 639 2740 der
669 2698 926 2751 Kurfzirsten
963 2697 1195 2739 demnd'elcst
1226 2694 1374 2735 leo-&nen
1404 2692 1520 2740 lasse,
1563 2704 1629 2730 um
1661 2688 1722 2728 als
1753 2685 1983 2727 advocatus

159 2771 221 2815 35
235 2769 420 2813 ecclesie
452 2769 537 2825 auf
561 2769 652 2811 dem
683 2768 835 2811 Konzil
865 2769 1070 2824 auftreten
1099 2782 1150 2808 zu
1180 2765 1346 2814 lcijnnen,
1391 2762 1517 2802 lc5mze
1547 2774 1591 2801 et·
1618 2772 1695 2811 zur
1724 2755 1981 2796 Zusammen-

355 2888 386 2922 a)
406 2886 499 2922 Folyt
517 2887 628 2923 ipsum
646 2887 837 2922 aberflmeiq
856 2888 894 2914 B.

357 2948 384 2992 ¹)
414 2946 532 2983 Ueber
555 2947 652 2983 diese
684 2946 921 2982 Verlu'iltnisse
953 2946 1020 2991 vyl.
1048 2940 1359 2987 Revelastaqsakten
1391 2936 1463 2977 Vll,
1490 2933 1557 2968 176
1561 2933 1604 2979 ff.
1638 2931 1704 2964 und
1727 2928 1809 2963 oben
1837 2926 1874 2960 S·
1899 2924 1977 2959 219·

356 3007 384 3052 ⁹)
410 3006 476 3041 Am
502 3007 535 3042 4.
560 3007 655 3051 Jam‘,
686 3007 763 3042 also
789 3006 891 3040 kaum
914 3005 1004 3039 zwei
1027 3002 1167 3038 Monate
1183 3000 1325 3045 swiker,
1359 2998 1451 3030 hatte
1479 2991 1643 3027 Heinrich
1681 2988 1707 3022 [ἶ
1739 2985 1908 3022 Gesamlte
1934 2994 1978 3016 :u

233 3066 702 3118 Bibndnissverkandlunqen
725 3066 789 3101 mit
812 3063 983 3115 Burqund
1005 3061 1215 3111 beauftraqt.
1269 3057 1340 3109 Vyl.
1366 3054 1502 3108 Rymer,
1527 3049 1686 3085 F⁰⁶d⁶⁷¹⁰
1709 3045 1771 3093 IX?
1797 3043 1864 3084 13⁶
1875 3053 1920 3080 ³⁸·
