2216 3432
373 183 416 220 Β.
453 182 607 230 Gregors
623 182 707 220 XII.
727 183 890 230 Stellung
913 197 989 220 zum
1009 186 1136 221 Konzil
1161 188 1215 223 bis
1239 200 1302 223 zur
1318 189 1520 237 Erfifl'nung.
1559 193 1619 228 Nr.
1645 195 1701 236 64,
1726 195 1781 230 65.
1876 185 1959 228 269

167 318 171 322 ·
201 293 336 335 istum
359 289 654 347 Hungarie,1)
677 303 811 345 super
842 292 1005 345 quibus
1038 307 1063 336 a
1094 295 1180 337 iam
1214 296 1289 338 diu
1322 287 1590 341 decrevimus
1623 302 1678 342 ad
1710 305 1752 343 te
1784 303 1826 343 et
1856 303 1978 345 aliosv

202 360 490 417 remittere‚2)
523 362 735 416 quoniam
767 363 916 417 gravia
948 366 1050 406 sunt
1082 366 1124 407 et
1156 380 1244 408 non
1284 368 1338 410 ad
1376 382 1529 422 pacem
1572 371 1810 423 tendentia,
1854 373 1962 415 sicut

203 435 427 478 credimus
460 432 595 476 etiam
629 435 673 475 te
706 434 886 476 sentire.
950 435 1004 477 Et
1036 437 1236 489 quamvis
1269 438 1325 481 sit
1357 440 1619 482 retardatum
1652 442 1705 483 de
1737 443 1948 486 mittendo

202 505 516 550 nichilominus
548 505 731 547 omnino
764 505 1037 548 decrevimus
1069 508 1259 550 mittere.
1322 510 1410 551 Sed
1442 511 1544 563 quia
1582 512 1775 554 nondum
1809 479 1964 556 habui:

161 577 316 630 5mus,
360 577 479 632 quod
512 577 631 619 modi
663 576 914 618 transmissi
946 577 1026 619 tibi
1058 579 1258 621 venerint
1289 580 1345 621 ad
1376 580 1575 623 notitiam
1617 581 1756 634 ipsius
1794 584 1964 639 regis,²³)

202 662 283 704 per
315 662 426 703 quos
457 648 636 703 poterat
674 648 783 690 satis
816 649 1190 703 comprehendere
1223 651 1276 692 de
1318 651 1562 694 intentione
1602 655 1762 705 nostra,
1804 654 1966 696 delibe-

203 720 399 764 rationes
432 722 582 763 nostre
616 720 849 762 retardate
875 721 991 762 sunt.
1054 720 1124 762 Ab
1164 720 1260 775 ipso
1302 722 1482 776 quidem
1520 721 1644 765 initio
1683 726 1726 765 et
1764 725 1967 767 continue

204 792 422 848 optimum
453 792 712 847 putavimus
744 792 866 845 ipsos
898 792 1051 833 modos
1084 791 1260 845 copiose
1292 793 1617 838 communicari,
1641 795 1757 848 quod
1789 799 1834 837 et
1856 796 1969 837 desi-

205 864 472 916 deravimus,
505 865 548 906 et,
580 862 815 917 presertim
852 863 1147 905 voluissemus
1191 864 1447 917 pervenisse
1487 865 1543 905 ad
1585 865 1789 907 noticiam
1831 867 1969 920 ipsius

136 935 191 977 10
205 935 332 990 regis,
365 936 419 978 de
442 948 531 990 quo
555 934 683 977 aliter
705 935 1010 988 sperabamus,
1035 948 1166 988 quam
1193 948 1309 976 nunc
1330 934 1634 988 percipiamus.
1669 936 1786 977 Deus
1810 938 1969 987 tamen,

204 1008 252 1050 in
284 1021 373 1062 quo
407 1020 532 1062 spem
565 1008 764 1048 nostram
797 1006 1041 1060 posuimus,
1085 1006 1233 1047 omnia
1264 1018 1471 1059 reparare
1504 1008 1650 1059 potest
1681 1010 1724 1048 et
1760 1020 1970 1049 evacuare

206 1092 361 1122 omnes
394 1078 586 1121 iniustos
620 1081 821 1128 conatus,
846 1080 998 1120 contra
1020 1090 1131 1131 quos
1165 1077 1291 1118 decet
1323 1078 1444 1118 tuam
1478 1077 1753 1118 nobilitatem
1787 1079 1831 1118 et
1865 1078 1970 1119 alios

206 1150 447 1193 catholicos
481 1151 525 1192 et
556 1149 710 1192 fideles
750 1163 796 1191 se
829 1149 876 1190 in
910 1149 1073 1191 virtute
1113 1147 1316 1190 altissimi
1346 1161 1570 1201 opponere
1604 1150 1660 1199 et,
1701 1161 1798 1189 cum
1830 1162 1898 1190 res
1931 1150 1973 1190 et

206 1225 385 1277 tempus
418 1222 663 1276 postulent,
703 1220 959 1263 occurentia
1001 1233 1175 1274 queque
1213 1233 1346 1273 super
1387 1218 1484 1270 hiis,
1525 1231 1654 1271 quam
1694 1218 1973 1272 frequencius

141 1292 193 1335 15
208 1297 351 1349 potes,
384 1293 561 1336 mittere
593 1293 663 1334 vel
686 1292 881 1334 scribere
915 1293 1158 1333 secundum
1192 1290 1459 1344 exigenciam
1492 1302 1580 1330 non
1614 1290 1822 1331 retardes.
1878 1291 1972 1331 Dat.

209 1366 399 1408 Arimini
431 1365 504 1407 ΙΙΙ.
539 1365 752 1407 kalendas
785 1363 946 1415 Martii,
978 1361 1263 1417 pontificatus
1296 1360 1434 1404 nostri
1467 1373 1582 1402 anno
1614 1362 1777 1402 octavo.

210 1533 287 1577 65·
340 1532 473 1589 Papst
504 1532 667 1588 (ἔφερον
699 1530 799 1570 XII
843 1545 898 1571 (m
936 1530 1029 1583 (den
1062 1528 1336 1583 IJ'alzgymfen
1370 1526 1566 1581 Ludii-iss)
1610 1525 1726 1579 lelafst
1763 1525 1863 1566 iiber
1901 1526 1976 1565 das

211 1606 553 1650 conciliabulum
598 1604 943 1646 constantiense
990 1601 1077 1641 und
1120 1599 1281 1652 forcleit
1318 1598 1390 1638 ism
1438 1597 1520 1651 auf
1556 1597 1684 1637 dalem
1723 1611 1773 1636 zu
1813 1595 1974 1645 wiri-en,

211 1678 311 1719 dass
352 1678 461 1719 seina
502 1676 736 1730 Anhdnqer
778 1674 854 1714 (Ias
898 1672 1046 1713 Komil
1084 1671 1193 1712 nicht
1234 1668 1478 1718 beselrc'clcen5
1526 1667 1610 1708 und
1648 1668 1746 1707 class
1785 1669 1829 1707 in
1872 1666 1977 1706 Killa

140 1752 198 1794 20
211 1751 277 1792 ein
318 1748 550 1804 Anlcd'nqeo·
586 1749 720 1788 &einer
762 1745 967 1787 Ohedz'enz
1005 1758 1096 1784 zum
1139 1741 1390 1795 Erzbz'selcqf
1424 1739 1600 1795 yewc'ilclt
1637 1738 1775 1780 werde.
1842 1736 1972 1790 (1414

927 1815 1032 1856 nacla
1063 1814 1189 1869 April
1219 1812 1278 1868 8.)

287 1917 318 1950 B
343 1928 407 1950 aus
438 1914 521 1950 Cocl.
548 1913 733 1948 Palatinus
762 1911 827 1945 701
855 1911 919 1944 cler
952 1909 1062 1943 Vatik.
1093 1906 1373 1950 Bibliotleek·fol.
1399 1904 1469 1937 :3518
1483 1916 1511 1936 r.

335 2011 575 2065 Gregorius
615 2010 852 2064 episcopus
901 2019 1054 2048 servus
1098 2015 1323 2044 servorum
1368 2001 1447 2042 etc.
1531 1999 1601 2039 Uti
1639 2011 1717 2051 per
1759 1996 1863 2037 alias
1901 1995 1976 2036 tibi

216 2082 537 2140 scripsimus,4)
573 2096 626 2123 ex
659 2080 900 2135 scriptione
933 2077 1084 2119 dilecti
1115 2074 1193 2116 filii
1226 2072 1420 2126 magistri
1455 2068 1667 2110 Bussenis
1709 2069 1786 2108 etc.
1819 2067 1979 2107 bacha-

145 2156 201 2198 25
217 2156 317 2199 larii
349 2155 396 2197 in
429 2153 633 2205 decretis,
677 2152 828 2194 nuncii
862 2148 1015 2198 nostri,
1049 2148 1134 2189 lete
1166 2144 1437 2198 percipimus
1469 2141 1641 2182 solitam
1675 2140 1717 2180 et
1761 2137 1977 2178 assiduam

217 2229 294 2270 tue
334 2225 579 2269 nobilitatis
630 2222 928 2266 constantiam
976 2222 1107 2272 atque
1152 2214 1474 2271 providentiam
1518 2210 1879 2262 circumspectam
1926 2206 1980 2247 ad

217 2299 435 2341 tuendam
476 2309 657 2338 causam
702 2296 918 2341 nostram,
961 2304 1047 2344 que
1086 2291 1151 2330 est
1194 2285 1376 2328 ecclesie
1418 2283 1569 2324 sancte,
1603 2279 1739 2330 Dei-5)
1803 2279 1864 2319 De
1896 2291 1983 2330 qua

218 2373 294 2413 tue
333 2369 436 2411 fidei
479 2366 781 2411 sinceritatem
820 2365 875 2406 ab
913 2361 1079 2404 intimis
1121 2357 1477 2401 commendantes
1524 2352 1706 2394 eandem
1758 2349 1983 2390 hortamur

220 2443 407 2492 attente,
440 2442 661 2494 quatenus
694 2437 864 2479 eisdem
897 2433 1043 2476 studio
1076 2433 1118 2473 et
1147 2427 1371 2482 diligentia
1393 2421 1720 2480 perspicacibus
1753 2419 1983 2471 diligenter

150 2513 428 2555 30intendas
470 2511 527 2552 ad
564 2523 629 2561 ea,
678 2521 765 2562 que
806 2506 893 2548 sint
930 2505 1021 2546 Deo
1060 2503 1184 2553 grata
1223 2502 1265 2541 et
1308 2498 1422 2539 dicte
1464 2493 1636 2537 veritati
1681 2489 1893 2532 catholice
1935 2500 1984 2529 ac

221 2583 376 2626 unioni
416 2580 717 2624 sacratissime
758 2578 991 2633 profutura
1029 2576 1072 2616 et
1114 2570 1373 2625 impeditiva
1414 2564 1596 2621 perfidie
1641 2558 1983 2615 malignantium,

346 2738 372 2781 ¹)
404 2735 519 2771 Ueber
544 2734 600 2768 die
629 2733 832 2777 Bedcutungy
857 2731 975 2764 dieser
1002 2728 1215 2770 Benennwzq
1239 2724 1306 2769 ryl.
1335 2721 1422 2755 oben
1449 2718 1487 2754 S.
1519 2717 1592 2751 1⁸9.

345 2797 373 2840 ²)
400 2795 479 2829 Dass
499 2794 627 2828 liew'sst:
659 2791 836 2827 Gessanclte
862 2802 909 2824 za
934 2787 1101 2823 scleicken
1126 2786 1211 2819 oder
1235 2777 1581 2816 snriiclr:uscln'elcen
1606 2786 1651 2807 (m
1678 2771 1815 2815 Ludwig)
1842 2769 1909 2802 und
1931 2768 1983 2801 die

222 2856 374 2902 iibriyen
399 2854 594 2899 Anhc'inyer
627 2851 788 2897 Greyors
813 2850 851 2884 in
877 2846 1132 2883 Deutsclzland.
1684 2854 1688 2863 1

155 2913 210 2958 35
346 2916 374 2960 ³)
400 2914 504 2948 Nach
536 2912 604 2948 Nr.
630 2909 676 2945 17
712 2910 814 2945 sollte
847 2907 990 2953 Ludwiy
1027 2906 1081 2940 (lie
1114 2904 1207 2938 Modi
1240 2897 1441 2946 Siyismuml
1471 2892 1697 2929 &hersendem
1760 2888 1831 2933 Vyl.
1866 2886 1985 2920 hiena

226 2976 315 3010 oben
341 2974 381 3009 S.
407 2972 477 3008 187
501 2972 557 3007 die
585 2970 709 3013 SteHe,
734 2967 881 3003 wonach
907 2967 962 3001 die
989 2965 1083 3000 Modi
1107 2964 1144 2998 in
1170 2957 1387 3007 Siyismunds
1413 2954 1534 2989 Iliinde
1559 2951 1754 2997 qelrommen
1780 2945 1865 2980 sind.

347 3034 376 3079 ⁴)
402 3033 473 3067 Die
499 3031 608 3066 Form
631 3041 696 3076 per
720 3028 808 3063 alias
833 3026 896 3061 mit
917 3025 1213 3071 weyyelasscnem
1237 3020 1371 3053 litteras
1389 3013 1504 3060 findet
1527 3011 1600 3046 sicle
1628 3008 1730 3053 oster.

348 3094 377 3135 ⁵)
402 3092 474 3127 Ein
499 3091 638 3127 solelees
666 3086 865 3124 sclareiben
896 3085 1056 3131 Greyors
1082 3083 1130 3117 ist
1153 3079 1250 3115 nicht
1274 3075 1441 3112 erlealten.
