2216 3432
229 154 312 198 286
543 162 605 198 111.
632 160 829 195 Abschnitt.
879 155 1151 203 Vol-geschichte
1175 155 1237 190 des
1262 154 1485 190 Konstanzer
1508 152 1667 188 Konzils.

227 285 306 327 per
335 271 446 322 illos,
480 270 534 311 ad
567 281 676 322 quos
709 267 894 319 spectat,
928 277 1089 318 papam
1121 262 1282 316 eligere
1294 263 1342 314 ⁰),
1375 261 1594 303 electi...
1628 260 1716 302 Sed
1748 272 1774 302 a
1804 260 1990 314 peccato

230 343 329 384 nolo
361 341 457 382 illos
497 338 673 392 penitus
712 349 940 383 excusare,
985 334 1089 388 quia
1117 333 1280 386 septies
1319 332 1363 373 in
1403 332 1474 374 die
1516 331 1634 373 cadit
1671 330 1830 382 iustus,
1867 330 1990 372 etin

229 413 349 454 nullo
380 423 576 465 peccare,
610 411 657 450 ut
689 409 732 449 in
758 408 849 460 lege
873 405 1092 452 scribitur,
1126 403 1278 456 pocius
1301 405 1368 444 est
1401 401 1644 444 divinitatis
1668 414 1803 455 quam
1834 401 1991 444 huma-

229 479 439 533 nitatis¹').
502 481 589 521 Sed
631 479 777 520 nullus
815 476 996 518 istorum
1046 487 1124 527 per
1163 474 1243 515 Dei
1290 473 1480 527 graciam
1526 471 1702 526 negavit
1751 471 1990 521 Christum,

229 554 353 595 sicud
386 553 540 594 Petrus
574 550 688 599 fecit,
722 549 796 602 qui
831 550 980 589 tamen
1014 547 1095 587 fuit
1128 545 1296 586 electus
1329 544 1374 585 in
1414 556 1590 597 papam.
1623 545 1667 585 et
1699 543 1804 597 quia
1835 540 2031 596 pecca-5

229 627 374 674 verat,
422 622 502 663 fuit
540 620 713 661 fidelior
752 619 907 660 sactus.
973 618 1041 657 Ad
1082 616 1206 657 cuius
1249 615 1499 669 exemplum
1548 614 1653 656 dicit
1695 614 1777 667 glo.
1813 614 1990 663 decreti,

229 695 347 747 quod
386 694 438 734 de
480 693 707 745 peccatore
754 690 865 730 bene
907 701 1118 729 converso
1158 689 1224 728 est
1264 699 1379 740 papa
1418 684 1661 727 faciendus.
1725 684 1813 727 Sed
1855 683 1992 739 aliqui

230 764 529 818 impugnant⁰)
580 762 757 802 domino
806 762 952 800 nostro
1002 757 1191 799 Johanni
1224 757 1405 800 XXIII..
1458 757 1601 809 quod,
1655 756 1833 809 quando
1881 755 1992 797 rexit

229 834 486 879 Bononiam,
520 834 572 873 (le
598 830 952 873 malefactoribus
978 829 1194 869 iusticiam
1220 827 1314 869 fieri
1348 827 1461 875 fecit,
1495 827 1574 868 sed
1596 827 1748 868 videre
1780 839 1880 867 meo
1902 839 1991 869 non

230 905 378 946 debuit
410 905 463 945 (le
496 904 576 944 hoc
624 902 839 954 increpari
886 901 963 941 sed
1004 901 1158 952 pocius
1201 898 1385 940 laudari.
1450 898 1505 939 Et
1538 898 1593 939 ad
1626 897 1904 952 propositum
1936 894 2064 939 delo

229 976 417 1028 quodam
466 973 865 1027 papa¹)legi1nus,
899 972 1036 1024 quod,
1081 968 1304 1025 quan‹lo'¹)
1337 969 1582 1011 cardinales
1631 969 1799 1011 nollent
1847 968 1992 1023 ipsum

230 1046 414 1100 sepelire
462 1046 507 1086 in
545 1044 728 1085 ecelesia
772 1042 908 1084 sancti
956 1041 1073 1083 l'etri
1117 1042 1216 1094 post
1249 1043 1456 1090 mortem,
1501 1053 1580 1094 pro
1613 1053 1684 1092 eo,
1732 1039 1836 1093 quia
1867 1041 1992 1095 pro⁰)

230 1118 427 1169 tempore
474 1129 552 1157 suo
592 1115 751 1155 multos
800 1114 937 1154 malos
986 1112 1187 1154 homines
1228 1125 1308 1165 per
1352 1112 1625 1153 diversorum
1668 1113 1990 1153 tormentorum

230 1201 391 1240 genera
435 1187 543 1227 mori
586 1187 767 1233 fecerat,
810 1186 903 1237 ipse
948 1185 1029 1225 hoc
1073 1184 1175 1224 ante
1209 1185 1396 1224 mortem
1438 1183 1657 1232 senciens,
1703 1182 1870 1235 rogavit
1902 1194 1990 1231 eos,

230 1258 362 1311 qnod,
395 1260 627 1311 postquam
661 1257 775 1296 esset
808 1257 1022 1299 mortuns,
1057 1254 1251 1295 facerent
1285 1253 1399 1295 sores
1423 1253 1607 1295 ecclesie
1641 1252 1816 1295 sortiter
1848 1247 2076 1314 claudi15·

232 1332 287 1379 et,
321 1328 442 1369 sicud
477 1330 542 1367 est
566 1328 618 1367 (le
653 1340 785 1372 more,
819 1327 1005 1366 cadaver
1038 1338 1166 1366 snum
1202 1326 1303 1366 ante
1339 1325 1454 1366 sores
1488 1324 1674 1366 ecclesie
1697 1324 1880 1377 portari.
1938 1323 1992 1365 Et

231 1399 266 1439 si
311 1400 424 1439 Dens
457 1398 600 1445 vellet,
643 1398 760 1450 qnod
801 1397 1064 1449 sepeliretur
1104 1396 1218 1437 infra
1260 1395 1512 1447 ecclesiam,
1554 1396 1650 1437 sine
1692 1395 1826 1436 dubio
1866 1397 1992 1448 porte

230 1470 527 1522 aperirentur,
569 1470 613 1508 et
646 1469 680 1508 si
722 1481 808 1508 non
854 1465 1048 1519 vellet‘),
1093 1468 1252 1521 quodss')
1296 1467 1482 1508 cadaver
1514 1480 1644 1508 sunm
1676 1466 1914 1508 iactaretur
1947 1466 1992 1507 in

231 1540 389 1581 fossato
422 1554 518 1580 cnm
552 1540 732 1580 canibus
767 1541 807 1579 et
840 1539 982 1579 brutis
1016 1540 1060 1579 et
1093 1538 1357 1580 animalibus
1392 1537 1589 1579 mortuis.
1659 1537 1745 1578 Sed
1780 1537 1991 1579 cadavere

230 1613 330 1652 ante
364 1612 476 1652 sores
510 1610 690 1651 ecclesie
723 1612 908 1663 portato,
943 1610 1057 1651 venit
1092 1612 1254 1650 ventus
1286 1609 1459 1650 validus
1493 1610 1535 1650 et
1558 1609 1694 1650 fracte
1727 1610 1831 1650 sunt
1864 1610 1991 1662 porte
2006 1602 2063 1644 20

230 1682 410 1722 ecclesie
444 1681 703 1722 miraculose
748 1684 791 1721 et
823 1681 1010 1722 cadaver
1058 1681 1278 1734 stpultnm
1312 1679 1426 1722 infra
1460 1679 1707 1722 ecclesiam.
1771 1679 1827 1721 Et
1860 1678 1991 1720 istam

229 1765 374 1793 veram
401 1751 624 1793 historiam
651 1752 835 1792 recitant
867 1765 1018 1792 omnes
1053 1750 1409 1804 historiographi,
1443 1751 1515 1805 qui
1542 1751 1595 1792 de
1628 1750 1812 1792 summis
1844 1750 1992 1803 ponti-

230 1821 383 1863 ficibus
407 1822 694 1875 scripserunt,
719 1825 760 1864 et
784 1823 950 1869 dicunt,
968 1824 1086 1876 qnod
1111 1837 1161 1864 ex
1186 1824 1288 1864 tnnc
1322 1823 1405 1863 iste
1436 1823 1519 1864 suit
1545 1824 1772 1876 reputatus
1795 1824 1990 1864 sanctus.

231 1893 386 1934 Nonne
418 1894 585 1945 Moyses
618 1907 815 1934 summus
848 1895 1051 1935 sacerdos
1086 1894 1244 1945 legitur
1277 1891 1648 1945 malefactoremh)
1682 1893 1916 1944 occidisse,
1949 1893 1993 1934 et

230 1964 405 2016 quando
462 1965 652 2017 populns
707 1965 1005 2006 Israheliticus
1060 1965 1258 2007 adoravit
1322 1966 1513 2019 ydolum,
1568 1964 1658 2006 Deo
1697 1962 1992 2017 omnipotenti
2006 1955 2061 1998 25

230 2033 452 2089 dixisse2):
499 2034 588 2076 Aut
627 2035 796 2077 dimitte
843 2036 904 2077 eis
939 2037 1050 2077 hanc
1097 2034 1300 2091 noxam')
1331 2039 1406 2077 aut
1444 2038 1491 2077 tu
1535 2036 1631 2077 dele
1665 2048 1733 2076 me
1772 2035 1827 2076 de
1876 2034 1992 2076 libro

229 2106 320 2155 tnO,
365 2118 497 2157 quem
545 2106 773 2160 scripsisti,
823 2109 864 2147 et
918 2110 1018 2160 post
1069 2108 1162 2148 zelo
1216 2106 1497 2149 rectitudinis
1550 2119 1790 2148 succensus
1826 2104 1992 2160 inquit:

231 2177 371 2217 Ponat
402 2176 467 2217 vir
498 2177 689 2229 gladium
722 2182 890 2228 sunnst')
933 2192 1065 2232 snper
1098 2178 1237 2220 femur
1270 2192 1400 2220 sunm
1433 2179 1478 2220 et
1505 2175 1721 2233 occidatk)
1755 2177 1992 2231 unusquis-

230 2259 315 2299 qne
350 2247 526 2288 fratrem
551 2249 737 2302 sunmr').
774 2250 959 2290 amicum
995 2251 1037 2290 et
1069 2250 1318 2303 proximum
1352 2263 1495 2291 suum.
1551 2249 1819 2291 Ceciderunt
1848 2248 1892 2290 in
1921 2248 1992 2289 die

229 2317 303 2358 illa
336 2317 459 2370 qnasi
492 2317 646 2359 XXIIII
682 2319 798 2361 inilia
838 2320 1062 2362 hominum
1099 2352 1107 2361 .
1142 2352 1151 2361 .
1186 2353 1195 2361 .
1261 2320 1315 2362 Et
1355 2320 1438 2362 ista
1477 2333 1565 2362 non
1605 2320 1752 2362 scribo
1791 2308 2064 2371 credenS‚30

229 2388 347 2439 quod
378 2388 459 2429 iste
492 2389 577 2430 duo
602 2389 851 2432 Alexander
885 2393 928 2432 et
953 2392 1176 2433 ,lohannes
1205 2392 1446 2444 aliquando
1477 2390 1587 2444 ipsis
1615 2386 1992 2444 presidentibus¹)

232 2457 274 2498 in
307 2461 472 2511 papatu
508 2461 828 2502 mandaverunt
859 2462 1018 2507 occidi,
1052 2463 1157 2516 quia
1190 2475 1268 2516 ego
1302 2475 1381 2504 nec
1414 2462 1505 2504 vidi
1538 2474 1618 2504 nec
1650 2460 1772 2503 scivi.
1835 2460 1991 2502 Ymmo

228 2527 381 2581 pocius
413 2529 578 2570 credidi
610 2532 652 2572 et
684 2532 815 2573 credo
839 2533 1120 2578 contrarium.
1170 2533 1258 2575 Sed
1282 2534 1451 2575 utinam
1474 2533 1581 2576 istos
1605 2533 1713 2574 duos
1734 2531 1944 2575 videlicet
1955 2532 1991 2587 Β)

230 2598 407 2639 Petrum
442 2599 494 2640 de
529 2600 652 2641 Luna
683 2603 726 2643 et
758 2602 975 2655 Angelum
1009 2603 1191 2647 Coi-ario
1205 2606 1254 2660 ¹¹¹)
1296 2604 1340 2646 in
1383 2603 1524 2647 forma
1555 2603 1665 2646 iuris
1697 2602 1991 2645 correxissent

229 2670 272 2710 et
302 2669 410 2711 alios
443 2669 641 2712 inimicos
674 2672 752 2713 Dei
786 2675 828 2714 et
851 2674 1037 2716 ecclesie
1070 2675 1217 2717 debite
1249 2674 1540 2730 punivissent.
1601 2674 1729 2726 Quia,
1760 2675 1832 2729 qui
1860 2673 1991 2714 malos
2005 2662 2062 2706 35

2207 2284 2216 2328 i

2211 2337 2216 2363 ε

2208 2364 2216 2440 ἓ

2208 2442 2216 2469 1

2205 2485 2216 2525 i

344 2820 374 2852 a)
394 2820 515 2854 eligere
535 2829 653 2856 papam
675 2824 704 2852 Ο.
732 2823 764 2857 b)
786 2824 931 2852 divinum
952 2826 1018 2852 uml
1038 2825 1215 2854 humanum
1236 2827 1266 2854 0.
1295 2827 1324 2858 c)
1345 2826 1460 2855 dIcunt
1478 2826 1519 2854 de
1541 2827 1571 2854 Ο.
1602 2825 1634 2859 d)
1655 2832 1729 2854 cum
1743 2825 1773 2854 Ο.
1804 2827 1833 2857 e)
1851 2825 1940 2854 Mt
1953 2826 1991 2854 B.

227 2865 378 2946 D)vgluit
397 2868 433 2894 Β.
481 2869 522 2942 (g)
544 2869 628 2896 Fehlt
650 2871 678 2897 C.
738 2870 770 2904 h)
792 2871 951 2899 faetorem
973 2874 1002 2900 0.
1057 2873 1079 2908 i)
1100 2874 1277 2902 obnoxiam
1299 2875 1335 2902 B.
1390 2874 1425 2909 k)
1445 2873 1570 2902 occidit
1589 2874 1619 2902 0.
1673 2872 1698 2908 l)
1717 2871 1940 2901 existentibus
1960 2872 1991 2901 0.

227 2920 257 2940 m
317 2920 460 2941 orarium
498 2917 510 2941 '.

347 2975 373 3015 ¹)
404 2973 544 3020 Greyor
574 2975 629 3010 VI.

346 3034 373 3076 ⁸)
397 3032 540 3068 Emodus
568 3047 598 3069 c.
623 3035 680 3079 32,
706 3037 793 3072 aber
818 3038 854 3071 in
877 3051 970 3084 yanz
996 3039 1149 3074 ander-er
1174 3038 1292 3077 Form.
2001 3027 2063 3072 40
2119 3071 2142 3078 -.
2167 3030 2170 3034 ι
