2216 3432
273 177 326 222 96
684 179 711 216 Ι.
739 173 936 212 Abschnitt.
985 163 1407 210 Unionsverhandlungen
1432 163 1486 198 bis
1514 161 1615 199 1413.

275 298 317 338 et
347 307 432 344 eos,
463 291 620 345 quibus
659 286 813 328 collata
850 280 1023 330 fuerint,
1064 274 1264 318 dominus
1296 284 1412 325 papa
1444 269 1600 311 debeat
1631 265 1905 318 confirmare,
1937 265 2015 307 aut

275 366 439 415 saltem,
471 360 586 414 quod
617 355 814 399 dominus
844 363 958 405 papa
989 348 1084 401 ipsa
1113 344 1307 387 conferat
1338 339 1612 382 solummodo
1643 336 1743 387 illis,
1777 336 1830 377 de
1852 335 2016 389 quibus

277 433 478 476 dominus·
512 442 585 470 rex
617 426 776 468 scribet
808 418 1059 464 nominatim
1095 418 1138 457 et
1170 426 1259 456 non
1290 411 1363 454 alii
1394 410 1462 452 vel
1495 408 1605 460 aliis,
1645 420 1696 449 eo
1728 406 1773 448 in
1805 405 2017 460 predictis

277 501 506 551 declarato,
539 497 653 551 quod
685 493 874 536 debitum
905 500 1072 531 camere
1105 481 1374 538 appostolice
1407 480 1584 521 realiter
1614 477 1902 532 persolvatur.

388 571 441 612 Et
471 568 506 610 si
528 581 613 621 qua
642 565 726 607 iam
766 562 922 604 collata
953 556 1134 600 fuissent
1166 554 1260 595 sine
1292 550 1473 606 speciali
1505 549 1668 603 scripto
1701 549 1776 589 aut
1798 544 2058 589 consensu5

275 642 397 694 regis,
429 637 685 680 revocentur
707 636 748 675 et
770 631 969 679 maxime,
1004 640 1088 681 que
1110 621 1349 679 presummi
1372 621 1534 662 debent
1555 632 1636 673 per
1658 616 2017 671 surreptionem&

275 709 517 763 impetrata.

388 777 546 829 Tertio,
592 775 721 828 quod,
774 784 870 813 eum
922 766 1053 820 aliqui
1100 778 1150 806 ex
1201 761 1384 816 prelatis
1441 760 1561 812 regni
1610 758 1774 801 suerint
1819 757 2020 800 infideles

275 850 388 891 dicto
435 847 605 889 domino
655 843 740 896 regi
788 843 829 882 et
875 841 1022 892 aperte
1064 834 1245 877 fecerint
1292 832 1446 873 contra
1493 832 1654 872 statum
1702 842 1831 871 suum
1879 830 1922 871 et
1966 829 2020 871 de

274 919 378 972 ipsis
418 931 490 958 rex
522 929 606 957 non
638 912 774 968 possit
806 909 1035 958 confidere,
1076 904 1276 947 dominus
1309 915 1424 956 papa
1463 901 1561 942 illos
1593 900 1809 942 transcrat
1847 900 1901 941 ad
1935 899 2021 942 alia
2038 898 2092 940 10

278 990 395 1030 extra
426 998 604 1039 regnum
636 986 677 1024 et
707 983 808 1024 inde
842 993 914 1021 eos
946 978 1086 1032 privet
1118 978 1160 1016 et
1193 974 1413 1015 removeat
1436 974 1477 1013 ct
1500 971 1713 1013 beneficia
1735 971 2021 1013 conserantur

277 1057 534 1100 nominando
566 1068 643 1108 per
675 1065 816 1104 regem
848 1050 917 1092 vel
949 1062 1025 1102 per
1057 1046 1278 1089 dominum
1312 1044 1509 1096 Spanum
1542 1042 1635 1083 eius
1669 1041 2021 1083 commissarium

278 1129 320 1169 et
350 1125 532 1180 predicti
563 1123 757 1165 infideles
789 1119 1126 1162 nominabuntur
1159 1114 1335 1157 domino
1368 1126 1493 1167 pape.
1575 1115 1592 1131 ⁸

392 1198 568 1247 Quarto,
600 1208 695 1235 cum
728 1193 866 1234 dictus
899 1190 1098 1231 dominus
1130 1184 1517 1228 christianissimus
1556 1197 1630 1225 rex
1664 1186 1840 1226 scutum
1873 1183 2022 1238 singu-

278 1269 367 1309 lare
400 1268 441 1307 et
471 1265 587 1319 pugil
618 1276 697 1317 pro
728 1262 810 1303 fide
844 1263 888 1303 et
914 1260 1118 1301 continuo
1149 1252 1350 1314 pugnetb)
1382 1261 1423 1300 et
1457 1270 1653 1312 pugnare
1687 1256 1889 1297 intendat
1921 1268 2022 1296 cum
2040 1250 2091 1292 15

278 1336 523 1378 infidelibus
564 1336 741 1387 propter
783 1332 959 1373 defensa
999 1331 1328 1371 christianitatis
1377 1332 1418 1370 et
1459 1327 1700 1370 occurrerit
1748 1326 1919 1380 aliquos
1968 1339 2019 1367 ex

277 1405 519 1447 christianis
560 1404 819 1456 quandoque
866 1401 1065 1442 iniuriam
1112 1400 1261 1442 fecisse
1303 1401 1418 1441 dicto
1458 1399 1635 1441 domino
1680 1397 1784 1451 regi,
1834 1397 2021 1439 maxime

277 1476 448 1529 quando
481 1474 682 1515 sciverint
722 1473 863 1526 ipsum
897 1474 975 1523 et“)
1020 1474 1168 1523 gentes
1207 1485 1308 1512 suas
1342 1486 1436 1511 esse
1476 1471 1519 1511 in
1558 1468 1834 1523 expeditione
1874 1480 2020 1522 pugne

278 1547 318 1587 et
349 1547 577 1596 occupatas
617 1545 765 1584 contra
804 1542 1012 1589 infideles,
1056 1543 1418 1594 quandocumque
1462 1541 1694 1594 contigerit
1727 1539 1919 1593 aliquem
1953 1538 2021 1580 vel

277 1616 442 1667 aliquos
474 1628 523 1655 ex
556 1612 798 1654 christianis
831 1613 968 1652 facere
1001 1613 1054 1653 ad
1086 1626 1266 1665 presens
1300 1613 1365 1653 vel
1401 1612 1444 1653 in
1478 1612 1672 1652 futurum
1705 1611 1821 1651 dicto
1845 1609 2022 1651 domino
2037 1608 2092 1649 ΞΟ

277 1684 361 1737 regi
392 1685 435 1724 in
463 1684 574 1724 dicto
606 1696 736 1734 regno
769 1683 833 1723 vel
867 1683 1010 1734 aliqua
1044 1683 1134 1723 eius
1168 1686 1291 1735 parte
1324 1683 1515 1735 aliquam
1549 1681 1754 1723 iniuriam
1786 1681 1854 1723 vel
1888 1680 2022 1722 mole-

276 1755 413 1805 stiam,
469 1753 666 1794 dominus
721 1765 834 1805 papa
890 1754 1045 1794 debeat
1090 1755 1180 1794 toto
1238 1767 1366 1806 posse
1414 1753 1654 1806 quemlibet
1701 1752 1833 1793 talem
1880 1750 2022 1792 facere

276 1823 459 1865 astinere
501 1824 542 1863 et
572 1822 785 1874 compesci
828 1835 905 1874 per
938 1823 1211 1874 111011itio110s‚
1251 1826 1472 1878 precepta,
1514 1822 1947 1864 exconnmicationes
1980 1823 2024 1862 et

276 1893 379 1935 alias
411 1906 625 1943 censuras,
658 1895 787 1946 prout
820 1894 947 1934 suerit
981 1895 1218 1947 expediens
1252 1908 1348 1935 cum
1383 1895 1555 1935 effectu.
1620 1894 1674 1934 Et
1707 1894 1826 1946 quod
1859 1890 2026 1934 domini

276 1962 512 2004 cardinales
553 1963 679 2003 etiam
721 1976 850 2016 super
888 1963 966 2004 hoe
1014 1964 1229 2005 adsistant
1269 1964 1444 2006 domino
1475 1977 1589 2017 pape
1622 1965 1663 2005 et
1699 1963 1814 2005 dicto
1847 1963 2025 2004 domino
2040 1961 2095 2003 25

278 2032 360 2084 regi
394 2032 509 2073 omni
542 2032 713 2083 auxilio,
747 2033 925 2074 consilio
958 2036 999 2074 et
1033 2034 1193 2085 favore,
1228 2036 1360 2076 etiam
1394 2048 1527 2088 super
1562 2034 1801 2075 resectione
1835 2035 1877 2075 et
1900 2032 2025 2074 resti-

277 2103 440 2143 tutione
484 2103 735 2143 damnorum
782 2103 978 2145 facienda
1024 2117 1102 2157 per
1149 2107 1453 2147 moles-{antem
1500 2108 1542 2146 et
1585 2104 1867 2147 iniuriantem
1910 2104 2026 2145 dicto

277 2171 446 2213 domino
478 2172 576 2224 regi.

392 2241 566 2293 Quinto,
599 2255 695 2283 cum
729 2243 928 2285 dominus
962 2259 1034 2286 rex
1066 2249 1108 2287 et
1131 2247 1197 2288 sui
1221 2261 1431 2300 sequaces
1455 2247 1641 2289 maxime
1666 2260 1746 2300 pro
1769 2245 2027 2288 defensione

279 2311 343 2351 sui
376 2312 512 2351 status
545 2314 586 2352 et
617 2326 695 2365 pro
728 2315 926 2366 expensis
966 2318 1116 2357 contra
1147 2317 1348 2359 infideles
1380 2320 1422 2359 et
1455 2318 1584 2359 etiam
1619 2318 1804 2371 propter
1835 2315 2023 2358 infideli·
2042 2316 2098 2358 30

283 2382 415 2421 tatem
446 2383 487 2422 et
518 2384 635 2434 gesta
667 2384 815 2424 contra
846 2399 943 2426 eum
976 2400 1054 2439 per
1086 2389 1245 2429 mullos
1277 2403 1327 2430 ex
1359 2389 1528 2430 clericis
1564 2388 1682 2442 regni
1707 2390 1818 2430 sorte
1842 2386 2029 2430 fecerint

278 2453 426 2492 contra
475 2452 676 2493 ecclesias
725 2454 913 2505 prefatas
960 2458 1001 2497 et
1042 2458 1223 2501 clericos
1270 2461 1313 2500 et
1358 2458 1677 2514 pe1·ceperint‘¹)
1724 2458 1943 2501 dictorum
1983 2458 2029 2499 et

280 2534 426 2561 earum
456 2523 651 2574 pecuniis
683 2525 726 2564 et
759 2525 1005 2577 mobilibus
1040 2529 1157 2581 quod
1190 2530 1337 2571 omnia
1367 2542 1507 2583 usque
1539 2543 1657 2571 nunc
1690 2529 1805 2571 sacta
1843 2530 1886 2570 et
1918 2541 2028 2582 qua-

279 2590 557 2644 litercumque
588 2594 630 2633 et
662 2595 1023 2649 quandocumque
1056 2600 1249 2652 accepta,
1282 2600 1435 2642 habita
1467 2602 1510 2641 et
1543 2601 1750 2654 percepta
1779 2613 1860 2654 per
1881 2598 2028 2653 ipsum

279 2659 494 2701 dominum
528 2675 668 2714 regem
701 2666 743 2704 et
775 2678 875 2706 suos
908 2680 1116 2719 sequaces
1150 2670 1285 2710 libere
1323 2673 1367 2711 et
1399 2670 1654 2724 plenissime
1687 2683 1767 2724 per
1799 2669 2028 2712 dominum
2043 2668 2098 2712 35

279 2742 435 2782 papam
467 2731 741 2774 remittantur
773 2737 816 2775 et
848 2735 1135 2790 dimittantur,
1169 2742 1212 2780 et
1235 2739 1270 2780 si
1292 2753 1509 2782 cameram
1543 2740 1860 2794 appostolicam
1888 2739 2029 2793 respi-

280 2801 424 2840 cerent
447 2802 519 2841 aut
542 2802 595 2842 ad
624 2803 763 2854 ipsam
794 2807 1122 2858 quomodolibet
1153 2810 1485 2863 pertinuissent.
1534 2811 1586 2854 Et
1608 2811 1663 2853 de
1687 2811 1751 2853 eis
1773 2809 2029 2865 plenissima

280 2867 475 2910 liberatio
506 2871 549 2911 et
581 2872 791 2914 absolutio
822 2876 1097 2919 concedatur.

394 3031 423 3063 a)
443 3032 674 3060 surrectionem
693 3035 764 3069 Rey.
801 3036 833 3070 b)
853 3040 976 3072 pugnat
995 3040 1067 3074 Req.
1105 3042 1133 3076 c)
1154 3042 1243 3076 Folyt
1263 3050 1319 3070 seu
1340 3044 1413 3078 περ.
1451 3043 1483 3077 d)
1502 3045 1722 3079 perceperunt
1742 3045 1815 3080 Rea.
