2216 3432
227 191 280 233 36
630 195 656 230 Ι.
683 193 879 230 Abschnitt.
929 186 1354 235 Unionsverhandtungen
1378 185 1432 224 bis
1461 187 1561 226 1413.

226 307 393 360 giorum
425 303 683 345 dilacionem
725 301 768 341 et
809 311 909 340 vere
949 296 1123 338 unionis
1161 294 1436 337 obstaculum
1477 293 1612 336 eciam
1650 294 1764 336 bene
1802 293 1971 336 affectis

223 376 291 418 vie
321 374 505 428 reprobe
537 373 580 413 et
611 370 787 412 inutiles
829 368 1129 420 suggerentur,
1168 377 1301 418 super
1332 377 1419 417 quo
1451 364 1545 406 vult
1589 363 1790 406 dominus
1823 365 1972 406 noster

223 458 339 500 papa
383 442 623 496 predictum
672 440 894 481 dominum
933 436 1136 477 Carolum
1182 433 1398 475 incautari
1442 435 1626 488 propter
1673 434 1830 485 multa,
1884 447 1970 488 que

224 515 403 570 possent
439 524 664 553 occurrere
706 511 749 550 et
785 506 965 549 ecclesie
997 503 1281 558 irreparabile
1313 504 1640 557 quodammodo
1680 503 1970 558 impedimen-

224 587 317 626 tum
349 583 512 624 afferre.
1986 574 2011 616 5

337 653 400 707 [8]
425 653 535 693 Nam
558 648 792 692 convencio
815 661 911 688 cum
935 645 1032 698 illis,
1051 645 1125 698 qui
1148 645 1267 698 apud
1288 644 1411 686 Pisas
1434 647 1587 686 contra
1604 645 1744 685 Deum
1768 644 1810 685 et
1833 643 1971 685 eccle-

227 724 333 765 siam
365 724 453 763 tam
485 719 785 762 execrabiliter
815 717 1199 770 blasphemarunt,
1233 727 1364 766 quam
1396 727 1511 768 papa
1543 714 1683 755 credit
1716 727 1805 755 non
1836 713 1971 755 fuisse

228 794 387 834 motam
420 792 583 843 absque
606 789 775 829 illorum
800 786 993 832 consilio,
1028 785 1102 838 qui
1136 786 1187 826 cle
1220 784 1461 837 peritorum
1487 797 1670 826 numero
1695 785 1970 836 reputantur,

225 863 464 904 secundum
494 859 721 900 veritatem
755 859 805 898 de
837 855 1031 909 presenti
1064 855 1229 896 inutilis
1269 856 1311 895 et
1351 854 1636 907 impossibilis
1669 855 1736 895 est
1778 854 1832 896 de
1862 853 1968 905 iure,

223 934 272 974 ut
310 932 430 984 patet
472 943 548 983 per
587 930 680 979 illa,
726 941 809 980 que
847 926 1071 979 predictus
1110 926 1285 966 Garsias
1327 924 1420 965 eius
1468 924 1655 966 nuncius
1697 924 1779 965 sibi
1820 923 1968 974 refert,
1987 926 2040 967 10

224 1002 333 1043 sicut
365 1001 409 1041 111
442 999 611 1052 scriptis
643 998 790 1045 eciam,
823 996 858 1037 si
890 996 1034 1037 videre
1068 995 1265 1039 voluerit,
1300 994 1336 1035 ei
1370 995 1527 1044 tradet,
1561 995 1614 1036 de
1647 1007 1735 1048 quo
1764 994 1969 1036 dominus

226 1073 373 1112 noster
406 1083 518 1123 papa
550 1068 810 1109 Benedictus
842 1066 1060 1119 predictos
1091 1066 1374 1117 blasphemos
1407 1067 1509 1106 ante
1542 1065 1817 1119 premonuit,
1850 1065 1971 1118 quod

223 1142 306 1195 ipsi
339 1141 497 1181 nedum
532 1138 746 1183 exaudire,
780 1139 843 1177 set
875 1137 1010 1177 eciam
1044 1135 1195 1176 audire
1229 1135 1406 1188 penitus
1439 1136 1817 1188 contempserunt,
1852 1135 1968 1176 unde

228 1210 413 1264 gravius,
438 1222 566 1262 quam
598 1209 739 1261 prima
770 1207 878 1248 facie
911 1207 1154 1257 videbatur,
1186 1208 1531 1259 opposuerunt¹¹)
1571 1205 1850 1247 obstaculum
1892 1205 1970 1247 ad-

226 1292 377 1321 versus
410 1278 585 1320 ecclesie
618 1278 836 1318 unionem.
1986 1275 2039 1318 15

340 1349 405 1403 [9]
458 1348 571 1398 Quid
603 1348 754 1400 plura?
803 1347 912 1388 Ecce
946 1347 989 1387 in
1022 1349 1228 1399 pietenso
1260 1345 1455 1396 concilio,
1490 1347 1608 1399 quod
1643 1347 1779 1387 fertur
1811 1346 1856 1387 in
1890 1359 1968 1400 pa-

222 1420 456 1461 triarchatu
489 1415 798 1470 Aequiliensib)
841 1417 1126 1467 celebratum,
1169 1417 1266 1470 quis
1300 1430 1386 1458 non
1419 1416 1575 1465 videat,
1609 1416 1821 1470 qualiter,
1863 1417 1968 1458 dum

226 1491 491 1531 diversorum
539 1491 582 1529 et
628 1488 907 1528 adversorum
954 1488 1199 1540 principum
1250 1487 1369 1528 favor
1409 1486 1653 1540 exquiritur
1697 1487 1779 1528 sub
1821 1487 1967 1529 colore

218 1558 495 1612 impossibilis
541 1558 767 1598 concordie
816 1559 857 1598 et
903 1558 1128 1599 cuiusdam
1177 1557 1416 1599 oblacionis
1469 1557 1756 1610 amplissime,
1810 1557 1965 1599 dilacio

219 1628 428 1681 temporis
475 1630 515 1668 et
563 1627 736 1669 unionis
783 1628 963 1668 ecclesie
1012 1628 1288 1681 dispendium
1332 1629 1593 1681 procuratur
1643 1630 1685 1669 et
1724 1627 1877 1682 pocius
1913 1629 1964 1670 ad
1983 1630 2040 1671 20

220 1699 544 1751 impediendum
578 1711 708 1750 quam
747 1698 984 1738 uniendum
1028 1698 1169 1751 ipsam
1210 1698 1438 1739 ecclesiam
1479 1697 1655 1751 plurimi
1695 1698 1829 1740 animi
1862 1711 1966 1740 con-

223 1769 422 1810 citantur.
485 1768 710 1817 Quomodo
743 1767 857 1809 enim
900 1768 951 1808 de
984 1768 1210 1809 oblacione
1252 1769 1408 1810 ibidem
1444 1769 1593 1811 oblata
1635 1770 1967 1811 concordabunt

220 1852 293 1879 rex
335 1839 562 1879 Ladislaus
604 1851 701 1878 cum
745 1852 841 1891 rege
886 1839 1089 1891 Ungarie,
1138 1841 1179 1880 et
1223 1840 1282 1880 illi
1323 1840 1451 1881 ambo
1489 1852 1587 1881 cum
1627 1840 1737 1882 duce
1780 1840 1967 1882 Bauarie

218 1911 422 1962 pretenso
455 1909 715 1961 imperatore
729 1908 775 1962 ¹),
810 1922 896 1949 non
929 1912 1110 1962 apparet
1144 1911 1395 1951 verisimile.
1449 1911 1526 1951 Set
1561 1911 1664 1952 dum
1698 1923 1830 1964 super
1862 1923 1967 1952 con-

218 1978 427 2019 vencione
468 1978 560 2026 illa,
603 1978 676 2019 ubi
715 1978 858 2028 fieret,
902 1981 943 2020 et
993 1980 1044 2021 de
1078 1981 1310 2022 concordia
1350 1981 1531 2022 ecclesie
1572 1983 1799 2034 oporteret
1839 1981 1963 2036 3316),
1982 1983 2035 2024 25

219 2048 508 2101 prenominati
545 2048 762 2101 principes
811 2062 910 2090 suas
950 2051 1095 2091 forsan
1142 2050 1242 2091 iude
1290 2051 1494 2104 antiquas
1543 2052 1786 2094 discordias
1827 2052 1966 2094 susci-

219 2119 376 2159 tarent.
428 2119 481 2158 Et
511 2120 740 2170 antequam
772 2120 823 2160 ad
858 2120 1061 2161 unionem
1087 2122 1398 2173 procederetur
1431 2122 1627 2173 ecclesie,
1660 2135 1792 2177 quam
1815 2123 1966 2176 plures

218 2189 522 2240 temporalium
553 2188 870 2230 inextricabiles
903 2191 1213 2233 altercaciones
1248 2193 1540 2245 insurgerent.

335 2257 428 2312 [10]
475 2258 536 2298 De
568 2258 711 2299 multis
745 2272 844 2311 ergo
874 2260 1220 2314 difficultatibus,
1253 2276 1338 2315 que
1371 2263 1415 2303 111
1440 2263 1622 2305 materia
1655 2265 1805 2305 sancte
1839 2263 1966 2306 unio-

219 2327 286 2367 nis
318 2327 495 2368 ecclesie
527 2328 741 2379 incidunt,
782 2332 869 2370 tam
913 2344 960 2371 ex
994 2331 1324 2384 impedinwntis
1358 2347 1528 2383 eorum,
1572 2334 1647 2387 qui
1682 2333 1855 2376 invasse
1889 2334 1965 2376 de·
1980 2334 2036 2376 30

217 2397 417 2447 buerant,
441 2411 568 2450 quam
604 2412 652 2438 ex
686 2398 857 2440 illorum
891 2401 1077 2454 diffugiis
1110 2404 1153 2443 et
1176 2404 1369 2449 cautelis,
1404 2404 1479 2457 qui
1502 2417 1581 2457 pro
1604 2404 1700 2458 ipsa
1723 2404 1966 2446 obtinenda

217 2479 338 2506 suam
370 2469 571 2507 tenentur
595 2470 723 2509 vitam
758 2483 988 2522 exponere,
1022 2473 1222 2526 exempla
1255 2473 1401 2527 aliqua
1433 2477 1537 2516 sunt
1570 2474 1787 2528 premissa
1819 2477 1964 2517 trans-

216 2535 299 2576 acti
332 2537 537 2588 temporis
571 2539 624 2579 ad
657 2540 865 2581 cautelam
900 2543 943 2582 et
975 2542 1298 2595 providenciam
1333 2545 1591 2586 futurorum.

332 2605 424 2660 [ll]
487 2608 561 2648 Set
595 2622 681 2650 non
713 2612 941 2662 propterea
974 2612 1179 2663 deinceps
1219 2615 1584 2656 retrocedendum
1619 2615 1685 2656 vel
1725 2615 1964 2670 desperan-

216 2675 316 2716 dum
350 2677 433 2725 est,
472 2679 538 2717 set
577 2692 673 2719 cum
707 2679 852 2721 divine
883 2682 1167 2734 protectionis
1200 2683 1360 2726 fiducia
1393 2685 1447 2726 ad
1491 2686 1707 2737 laborum,
1747 2685 1963 2727 tentacio-
1979 2687 2033 2730 35

215 2757 319 2785 num
351 2748 393 2786 et
416 2746 703 2798 periculorum
726 2750 1024 2794 tollet-anciam
1047 2752 1103 2795 foi
1118 2754 1170 2795 tis
1195 2757 1236 2795 et
1261 2755 1465 2796 katholici
1487 2755 1570 2796 viri
1604 2756 1778 2798 animus
1800 2769 1963 2810 prepa-

328 2920 357 2952 a)
377 2923 597 2954 apposuerunt
618 2923 652 2948 B.
725 2923 756 2956 b)
777 2924 858 2951 Stati
879 2926 1090 2960 Aquilegensi
1111 2929 1148 2955 B.
1211 2929 1239 2962 c)
1259 2935 1358 2964 agere
1378 2930 1415 2956 Β.

333 2978 359 3021 ¹)
387 2978 568 3012 Laclislaus
595 2992 659 3014 eon
686 2981 833 3027 Ncapel,
867 2984 1068 3030 Seyz’smund
1090 2999 1156 3020 von
1188 2986 1331 3032 Unyarn
1362 2989 1433 3022 und
1460 2989 1523 3023 der
1548 2990 1720 3025 riimisclze
1747 2990 1862 3037 Koniq
1890 2990 1962 3026 Ru-

206 3035 344 3079 precffl,
370 3036 432 3069 (Iar
457 3035 542 3071 aber
569 3039 674 3073 seleon
700 3052 752 3073 am
778 3042 832 3075 18.
861 3042 934 3076 Mai
958 3044 1051 3078 1410
1072 3046 1261 3090 yestorben
1288 3058 1372 3080 war.
