2216 3432
223 175 307 216 328
543 180 604 215 111.
629 178 828 213 Abschnitt.
878 173 1151 220 Vox-geschichte
1176 172 1238 207 des
1262 172 1487 206 Koustanzer
1510 170 1670 207 Konzils.

221 289 304 331 loci
341 284 722 342 processionaliter
762 281 961 334 accessit,
999 280 1045 321 in
1083 292 1172 333 qua
1209 277 1389 320 missam
1426 277 1470 318 in
1508 275 1835 330 pontificalibus
1872 275 1985 318 cele-

222 358 375 401 bravit.
445 356 564 398 Ordo
602 351 916 408 processionis,
958 363 1091 404 quam
1128 348 1347 390 ordinavit
1386 347 1592 389 dominus
1633 347 1774 389 sancti
1812 346 1985 401 Georgii

223 430 278 471 ad
322 428 467 470 velum
514 438 714 476 aureum,
758 423 877 477 prior
929 422 1215 463 diaconorum
1253 418 1560 470 cardinalium,
1599 430 1699 459 cum
1736 417 1900 459 fercula
1940 416 1986 459 in

222 512 368 551 manu,
401 497 482 539 fuit
512 496 612 537 iste:

340 580 486 623 Primo
518 578 671 619 fratres
703 576 891 618 Minores
924 575 967 615 in
1000 573 1175 614 sinistra
1214 574 1257 614 et
1286 571 1416 614 ceteri
1440 570 1734 623 ecclesiastici,
1767 566 2027 613 seculares5

225 651 327 693 dicti
358 650 439 691 loci
471 650 515 690 in
547 648 725 688 dextera
756 645 954 700 partibus
986 643 1300 698 precedebant;
1341 642 1499 683 deinde
1532 641 1728 693 abbates,
1761 641 1987 696 generales
2212 663 2216 690 1

225 721 440 771 ordinum,
474 717 680 772 episcopi,
714 715 1027 769 archiepiscopi
1061 715 1102 754 et
1135 713 1193 754 hii
1228 712 1411 766 predicti
1444 725 1543 753 cum
1576 712 1696 766 capis
1728 712 1819 753 suis
1848 712 1985 754 laneis
2212 710 2216 716 “

222 790 501 833 incedebant:
558 788 839 841 postmodum
890 785 1187 827 subdiaconus
1242 797 1357 837 pape
1409 783 1569 824 amictu
1619 783 1738 835 alba,
1793 783 1986 836 cingulo,

223 860 334 901 stola
373 862 414 901 et
452 858 655 900 tunicella
694 858 892 905 indutus,
931 869 1102 897 crucem
1145 855 1346 896 deferens
1380 867 1478 895 cum
1512 854 1686 895 duobus
1720 853 1988 895 ceroferariis

225 933 263 972 et
298 929 572 971 thuriferario
606 927 912 981 superpellicio
946 926 1128 968 indutis:
1163 927 1317 978 postea
1350 925 1532 975 accoliti,
1567 925 1789 965 auditores
1818 923 1987 978 palacii,
2007 920 2061 961 10

223 1000 460 1054 capitulum
492 999 848 1041 commensalium
883 1010 979 1038 cum
1013 996 1344 1049 superpelliciis,
1378 996 1536 1037 deinde
1561 995 1800 1049 capitulum
1824 994 1989 1048 capelle

225 1084 339 1124 pape
372 1071 615 1111 cantantes:
660 1066 759 1109 Veni
789 1075 947 1108 creator
989 1069 1031 1108 et
1080 1067 1166 1106 Ave
1210 1068 1342 1106 maris
1383 1067 1499 1107 stella
1544 1068 1622 1107 etc.
1701 1065 1990 1107 Postmodum

226 1140 422 1181 nonnulli
462 1140 599 1180 induti
634 1139 949 1192 superpelliciis
982 1140 1098 1178 certa
1132 1138 1379 1190 reliquiaria
1414 1137 1525 1191 regis
1559 1136 1741 1190 predicti
1774 1136 1817 1177 in
1851 1135 1990 1176 mani-

224 1212 304 1251 bus
351 1210 615 1259 deserentes,
663 1209 820 1250 deinde
864 1209 1027 1250 domini
1076 1209 1319 1249 cardinales
1364 1210 1405 1249 et
1446 1209 1600 1261 postea
1646 1220 1762 1260 papa
1810 1206 1990 1247 indutus

225 1281 335 1333 alba,
375 1281 559 1333 cingulo,
599 1280 709 1321 stola
748 1282 789 1320 et
829 1280 1006 1332 pluviali
1039 1282 1081 1320 et
1115 1279 1241 1320 mitra
1276 1279 1468 1333 perlatis,
1503 1279 1626 1319 cuius
1659 1277 1854 1318 fimbrias
1888 1272 2062 1330 por-15

223 1351 344 1392 tabat
388 1350 581 1404 prefatus
619 1364 691 1391 rex
740 1350 917 1390 indutus
957 1351 1106 1391 habitu
1148 1351 1265 1403 regio
1304 1363 1513 1390 coronam
1558 1347 1898 1402 pulcherrimam
1938 1347 1982 1387 in

225 1421 363 1474 capite
396 1423 588 1475 gestansg
624 1421 710 1461 (luo
745 1421 985 1462 cardinales
1019 1421 1188 1461 ‹liaconi
1224 1420 1490 1462 assistebant
1523 1432 1656 1473 pape,
1691 1431 1824 1471 super
1856 1430 1987 1471 quem

224 1492 420 1532 nonnulli
460 1491 536 1532 viri
571 1491 738 1531 nobiles
762 1491 942 1544 pallium
966 1492 1233 1533 deferebant.
1300 1491 1409 1532 Item
1435 1492 1534 1544 post
1558 1501 1719 1544 papam
1742 1488 1991 1541 sequeban-

224 1563 293 1602 tur
322 1563 582 1603 camerarius
611 1575 738 1614 pape,
772 1563 1072 1614 protonotarii,
1107 1564 1325 1603 corrector
1357 1562 1602 1602 litterarum
1634 1558 1990 1613 apostolicarum,

225 1632 473 1672 cubicularii
507 1646 620 1685 papo
653 1645 741 1672 non
774 1632 925 1685 prelati
960 1635 1002 1674 et
1035 1633 1173 1674 clerici
1209 1646 1392 1673 camere.
1463 1631 1515 1672 Et
1549 1631 1654 1671 dum
1687 1642 1804 1683 papa
1837 1628 1917 1670 fuit
1948 1629 1991 1670 in
2006 1625 2063 1666 20

225 1702 417 1751 ecclesia,
452 1702 591 1743 factao
626 1703 799 1744 racione
832 1705 931 1744 ante
965 1704 1099 1744 altare
1134 1704 1226 1756 ipse
1262 1702 1445 1744 accessit
1467 1702 1522 1742 ad
1547 1700 1836 1742 faldistorium
1863 1713 1992 1740 suum

225 1774 266 1813 et
304 1772 360 1812 ibi
400 1773 555 1813 stando
585 1775 627 1814 et
651 1774 775 1814 mitra
799 1774 998 1827 ‹lepos-ita
1023 1775 1211 1815 cantavit
1235 1774 1463 1814 oraciones
1486 1773 1738 1825 sequentes,
1771 1770 1990 1812 videlicet:

224 1840 355 1890 Deus,
397 1844 468 1896 qui
511 1843 634 1883 corda
669 1843 856 1896 fidelium
902 1847 962 1885 et:
1004 1843 1274 1884 Famnlorum
1316 1851 1494 1892 tuorum,
1535 1857 1778 1898 quesumus,
1819 1841 1990 1891 domine,

225 1911 381 1952 delictis
420 1926 576 1966 vynosce
614 1916 691 1955 etc.
737 1916 857 1968 Papa
898 1915 1094 1956 invitavit
1134 1929 1279 1969 regem
1320 1917 1362 1957 et
1403 1916 1571 1956 ceteros
1613 1913 1783 1955 nobiles
1822 1911 1876 1953 de
1914 1924 1994 1952 sua

226 1982 342 2023 curia
375 1983 428 2023 ad
462 1985 747 2038 prandium').
2009 1977 2063 2020 25

352 2159 376 2200 ¹)
407 2158 504 2192 lmclt
538 2171 581 2192 an
614 2160 739 2194 diesem
779 2161 895 2205 'l'ayc's
941 2162 1107 2207 haye-qen
1141 2163 1278 2208 aptit-ht
1309 2162 1395 2195 aher
1426 2163 1480 2195 die
1517 2160 1670 2195 Crom'ca
1700 2160 1760 2193 del
1785 2158 1902 2192 Sefior
1932 2169 1996 2204 rey

229 2216 297 2249 (lon
326 2216 416 2250 ιΙααιι
451 2217 628 2262 (Αυκςμιὸο
663 2231 725 2251 ron
772 2219 928 2253 litlence'n
967 2220 1080 2264 1779).
1137 2221 1211 2255 Ihm
1243 2224 1275 2254 8.
1304 2221 1450 2267 Kapitel
1486 2221 1627 2266 heyitmt
1657 2231 1714 2253 8⁰:
1756 2218 1794 2252 El
1830 2218 1994 2262 domiugo

227 2275 410 2318 Siguiessoe,
442 2288 507 2320 que
539 2277 660 2311 sueton
694 2279 808 2312 veinte
844 2292 861 2313 e
894 2280 956 2313 dos
991 2282 1066 2314 dias
1105 2281 1147 2314 dc
1174 2281 1282 2322 Julio,
1317 2281 1346 2314 el
1382 2291 1439 2325 rey
1469 2281 1544 2314 hizo
1571 2279 1647 2314 sala
1674 2289 1755 2322 muy
1781 2277 1936 2310 solemne
1962 2275 1994 2310 al

227 2337 347 2367 sancto
374 2337 480 2377 padre
507 2347 523 2368 e
550 2347 569 2369 a
596 2336 647 2369 los
674 2338 875 2372 cardenales
902 2350 919 2372 e
950 2340 1154 2384 arzobispos
1181 2352 1198 2373 e
1225 2341 1369 2384 obispos
1396 2351 1414 2373 e
1440 2351 1461 2374 a
1485 2339 1587 2373 todos
1615 2338 1666 2372 los
1694 2342 1790 2371 otros
1816 2335 1946 2370 abades
1975 2345 1993 2368 e
2035 2325 2037 2327 ¹

228 2392 367 2435 frayle8‚
405 2404 470 2436 que
496 2405 538 2427 en
565 2395 598 2428 la
624 2400 716 2429 corte
743 2397 796 2429 del
825 2408 917 2442 papa
943 2400 1079 2434 venian.
1133 2398 1210 2432 Dan
1239 2398 1351 2433 Enseu
1387 2398 1477 2432 wird
1505 2396 1725 2442 ausfit'lorliclz
1757 2394 1995 2441 yeacleilderss
2011 2390 2068 2432 30

227 2461 304 2483 zum
323 2449 468 2485 Selilass
495 2452 606 2487 laeisst
630 2467 685 2487 es.-
713 2455 750 2488 El
779 2460 899 2489 sancto
928 2458 1034 2501 padre
1061 2458 1231 2492 benedixo
1252 2459 1285 2492 {a
1304 2469 1398 2492 mesa
1415 2469 1434 2492 e
1453 2467 1530 2491 rozo
1548 2459 1579 2490 el
1599 2455 1734 2501 psalmo
1753 2454 1795 2488 de
1815 2452 1991 2487 Miserere

231 2509 307 2550 mei,
336 2509 433 2543 Deus
461 2522 478 2544 e
506 2511 707 2547 levantadas
734 2514 785 2549 las
812 2526 925 2549 mesas
951 2518 1130 2550 truxieron
1157 2517 1313 2551 colacion
1340 2517 1382 2551 de
1408 2516 1551 2551 muchas
1581 2524 1768 2549 conservas
1794 2523 1812 2547 e
1839 2511 1997 2547 man-avil-

234 2567 327 2601 losos
353 2569 463 2603 vinos.
506 2570 532 2603 E
554 2571 604 2604 los
631 2573 832 2607 cardenales
858 2572 1165 2610 se‘maravillaron
1194 2577 1318 2610 mucho
1345 2576 1400 2610 del
1425 2579 1546 2610 sancto
1565 2574 1674 2619 padre
1692 2573 1801 2607 habor
1817 2570 1997 2606 rescebido

235 2636 323 2669 aque
348 2628 507 2669 combite,
540 2640 670 2674 perque
701 2642 745 2665 no
772 2633 867 2666 suele
893 2644 949 2667 ser
974 2636 1172 2669 costumbre
1199 2635 1241 2669 de
1268 2635 1320 2669 los
1347 2637 1488 2669 sanctos
1515 2633 1641 2679 padres
1668 2631 1820 2666 rescebir
1847 2629 1996 2664 combite

230 2683 272 2717 de
300 2685 435 2730 ningun
459 2698 530 2731 rey.
572 2688 651 2722 Nun
679 2689 820 2735 beyinnt
843 2692 906 2725 das
934 2693 988 2726 10.
1009 2692 1154 2739 1ιά]ιίεεὶ
1162 2708 1171 2727 .·
1200 2694 1237 2728 El
1265 2697 1387 2728 sancto
1413 2693 1521 2739 padre
1547 2691 1738 2737 queriendo
1763 2688 1942 2735 gratificat
1963 2682 2067 2725 ³135

235 2753 295 2786 rey
320 2743 360 2777 de
387 2744 528 2790 Arngon
556 2748 684 2792 rogoIe,
711 2750 791 2793 quel
818 2750 983 2796 domingo
1011 2753 1185 2794 adelante,
1211 2764 1278 2796 que
1304 2763 1401 2787 ersa
1417 2753 1515 2787 einco
1534 2751 1577 2786 de
1596 2751 1741 2796 AgostO,
1766 2748 1915 2783 comioso
1932 2757 1998 2782 con

232 2801 263 2834 el
300 2812 344 2835 cn
376 2803 409 2836 la
442 2815 573 2839 mesina
604 2807 689 2843 sala.
739 2808 790 2842 Es
824 2809 915 2843 kann
949 2810 1028 2844 hier
1064 2811 1159 2845 nicht
1194 2813 1216 2845 5
1247 2817 1335 2846 state
1364 2811 1410 2846 15
1437 2808 1671 2857 yeschrieben
1704 2807 1791 2850 sein,
1825 2806 1908 2841 weil
1934 2805 1999 2840 der

230 2859 285 2893 15.
311 2859 450 2906 Auqust
474 2862 553 2897 kein
579 2863 737 2911 Sonntay
764 2878 848 2901 war.
879 2888 922 2892 —
953 2868 995 2902 In
1019 2869 1083 2903 der
1109 2869 1348 2915 Hamlschnfl
1369 2869 1493 2915 finden
1519 2869 1594 2903 sich
1625 2866 1714 2902 fiber
1739 2865 1999 2912 Beyeymmqen
2214 2906 2216 2910 ¹

232 2918 294 2952 des
327 2918 476 2965 Papstes
507 2922 578 2955 und
605 2923 737 2969 Kb'niys
776 2925 863 2960 noch
894 2928 1145 2963 verseleiedene
1179 2928 1502 2974 Auszeiclznuuyen.
1559 2926 1623 2962 Ich
1662 2926 1756 2960 lasse
1794 2923 1883 2958 noch
1920 2923 1997 2958 eine
2123 2931 2126 2934 ’
2210 2922 2216 2964 i

220 2975 348 3022 foaeqen
384 2979 462 3023 (foe.
494 2980 571 3024 51).·
611 2983 714 3017 Anno
750 2984 882 3019 domini
913 2985 1166 3021 M⁰cccc⁰xv
1203 2988 1240 3022 in
1266 2988 1350 3022 sede
1375 2987 1579 3029 Valentius,
1616 2984 1795 3032 provincie
1833 2984 1991 3020 'romco-
2009 2974 2069 3019 40
2200 2965 2216 3016 1

230 3036 362 3083 nensis,
397 3037 557 3074 dominus
588 3043 709 3079 noster
739 3043 875 3082 audivit
906 3045 1048 3084 missam
1081 3056 1159 3083 cum
1185 3049 1282 3089 nota,
1313 3057 1395 3099 rege
1418 3047 1624 3099 Aragonum
1647 3046 1894 3098 prenominato
1919 3054 1996 3087 eum
