2216 3432
386 13 398 25 7
447 0 474 5 ”⁰
494 0 531 14 ·<.'.
551 4 581 19 ι
594 0 646 22 jo>

421 181 459 220 C.
485 181 682 224 Malatesta,
708 181 846 227 Gregor
868 180 951 216 XII.
977 181 1051 215 und
1079 180 1255 215 Benedikt
1279 146 1379 217 imi.
1409 182 1655 218 1410-1413.
1680 181 1741 218 Nr.
1767 182 1800 216 6.
1946 171 1998 213 41

221 291 368 334 adhuc
400 288 593 344 augendi
624 290 668 331 et
699 287 922 338 servandi,
955 289 1180 343 cogendus
1213 290 1293 339 est,
1327 287 1444 330 sicut
1475 287 1680 340 habetur,
1714 287 1869 330 XXIII.
1895 301 2004 342 que-

218 361 363 404 stione
395 361 444 404 V.
477 359 674 416 capitulo
716 359 765 401 de
800 358 1053 415 Liyurrz’bas
1094 361 1137 402 et
1169 359 1367 414 capitulo
1400 359 1628 414 sequenti:
1693 357 1821 411 Quali
1850 373 1923 400 nos
1957 361 2002 401 et

217 432 430 487 precipue
463 432 579 474 circa
611 431 745 474 finem
782 430 916 473 illius.
933 431 966 486 ¹)
1029 432 1193 473 Verum
1226 431 1342 478 dato,
1392 430 1531 484 proch
1578 430 1717 481 dolor,
1765 431 1880 484 quod
1930 430 2004 473 ille

218 503 545 558 presumendus
592 502 650 545 sit
698 515 798 544 cum
845 502 1113 556 quibusdam
1147 515 1201 544 ex
1232 501 1324 543 suis
1357 501 1647 555 complicibus
1680 500 2004 556 incorrigibilis,

177 575 325 630 5quia
369 587 457 617 non
500 576 567 617 est
610 573 875 628 inpossibile
910 576 1061 616 tamen
1094 572 1242 627 ipsum
1276 572 1447 627 corrigi,
1492 572 1597 614 utile
1630 575 1817 627 apparet
1849 586 2003 626 pacem

219 646 304 689 sibi
336 646 495 689 offerre
527 645 686 700 iugiter
719 647 762 687 et
794 645 1016 687 indefesse
1050 647 1093 687 et
1126 644 1304 687 interim
1339 647 1494 686 contra
1526 644 1680 686 fideles
1715 645 1758 686 et
1791 658 1880 694 eos,
1929 644 2004 698 qui

220 730 378 772 pacem
411 718 566 759 volunt
604 721 647 759 et
689 716 884 759 offerunt
916 730 1029 771 puro
1063 718 1107 758 et
1139 717 1312 759 sincero
1339 717 1497 769 corde,
1530 716 1619 757 vim
1653 729 1778 758 suam
1821 728 2006 769 exaspe-

218 790 389 831 rantem
410 789 451 831 vi
485 789 695 830 cohibere
733 791 775 830 et
807 789 1037 842 repellere,
1070 802 1126 830 ne
1158 787 1312 830 fideles
1345 788 1478 842 queat
1501 788 1753 842 opprimere
1777 789 1909 841 atque
1942 789 2005 840 ut,

218 860 295 915 qui
344 859 550 914 potencia
596 860 823 903 confidens
871 860 1068 902 humana
1114 862 1265 914 sperat
1313 873 1392 901 sue
1439 858 1684 901 voluntatis
1718 858 1927 901 effectum
1959 860 2005 900 et

149 932 205 974 10
221 935 455 989 propterea
487 933 683 984 exardet,
733 932 838 973 dum
885 932 1072 974 adversa
1104 931 1264 973 viderit
1297 930 1543 973 valitudine
1577 930 1803 982 refrenari,
1841 944 1866 972 a
1898 943 2003 984 pro-

108 993 111 995 ¹
218 1005 365 1060 posito
399 1004 570 1058 iniquo,
615 1003 651 1045 si
684 1017 773 1046 non
806 1014 956 1045 amore
990 1003 1147 1045 saltem
1178 1003 1351 1051 timore,
1385 1002 1584 1044 discedat
1618 1034 1626 1043 .
1653 1034 1661 1043 .
1687 1034 1696 1043 .
1735 1001 1807 1043 Ad
1838 1014 2004 1043 nonum

218 1077 338 1132 quod
371 1075 547 1130 incipit:
612 1073 726 1126 Quid
753 1075 904 1130 plura?
939 1078 984 1117 et
1015 1074 1133 1117 finit:
1166 1075 1440 1128 insurgerent,
1476 1074 1740 1128 respondeO,
1789 1074 1838 1115 ut
1870 1086 2006 1127 supra

218 1150 265 1191 in
297 1147 508 1202 capitulo,
542 1147 661 1200 quod
694 1146 874 1201 incipit:
917 1146 992 1186 Ad
1023 1147 1111 1187 alia
1142 1146 1275 1187 simile
1313 1149 1358 1188 et
1391 1145 1508 1187 finit:
1542 1146 1690 1186 lesione
1708 1144 1831 1199 ferre
1863 1145 2006 1185 saltem

210 1220 416 1276 putativa.

150 1290 202 1331 15
337 1290 408 1332 Ad
441 1289 684 1340 decimum,
719 1290 839 1343 quod
871 1289 1054 1343 incipit:
1105 1288 1168 1330 De
1199 1289 1338 1330 multis
1367 1291 1411 1331 et
1434 1289 1532 1331 finit
1557 1288 1867 1344 providenciam
1890 1286 2006 1336 futu-

218 1376 358 1403 rorum
406 1361 680 1415 regraciorst),
730 1362 851 1415 quod
899 1361 983 1403 sim
1030 1363 1186 1404 cautus
1228 1361 1449 1414 redditus,
1500 1363 1543 1402 et
1577 1362 1632 1402 ad
1681 1362 1828 1402 cetera
1871 1358 2004 1401 huius

219 1434 399 1488 capituli
435 1434 681 1488 respondeo
714 1432 829 1475 sicut
861 1433 907 1474 in
939 1433 1152 1486 proximo.

337 1505 405 1547 Ad
441 1504 742 1557 undecimum,
777 1505 898 1558 quod
930 1505 1111 1559 incipit:
1148 1503 1219 1546 Set
1250 1519 1330 1545 non
1354 1511 1576 1559 propterea
1608 1505 1651 1545 et
1683 1502 1801 1545 finit:
1843 1510 2005 1543 strenue

219 1576 446 1627 defensare,
494 1577 741 1630 respondeo
791 1590 859 1618 me
892 1576 990 1627 sibi,
1039 1589 1150 1630 quas
1186 1577 1327 1629 valeo,
1375 1576 1545 1630 gracias
1579 1576 1766 1617 reddere
1798 1587 1880 1628 pro
1912 1575 2005 1615 tarn

149 1647 204 1688 ΞΟ
220 1648 304 1704 piis
345 1650 388 1690 et
420 1647 671 1690 iustificatis
710 1647 1096 1690 exhortacionibus
1137 1649 1181 1689 et
1215 1661 1315 1689 cum
1349 1661 1419 1689 me
1461 1661 1550 1689 non
1579 1647 1759 1689 fecerim
1796 1659 1875 1688 nec
1909 1659 2004 1687 cre-

221 1719 402 1773 averim,
450 1721 600 1774 atque,
649 1720 684 1762 si
735 1719 844 1774 quid
877 1720 982 1762 boni
1016 1719 1062 1761 in
1095 1734 1165 1761 me
1197 1719 1333 1761 fuerit
1381 1733 1460 1761 seu
1509 1720 1709 1762 futurum
1742 1718 1812 1771 sit,
1862 1719 2004 1760 fateor

218 1805 366 1834 meum
415 1805 504 1834 non
537 1805 648 1844 esse,
697 1793 830 1844 unde,
878 1792 999 1845 quod
1041 1791 1130 1833 mei
1162 1791 1434 1846 promittam,
1468 1790 1600 1833 michi
1633 1791 1790 1832 deesse
1822 1789 2003 1844 penitus

217 1863 373 1916 fateor,
406 1865 475 1905 set
508 1876 622 1915 cum,
656 1864 783 1905 cuius
816 1876 928 1914 sum,
963 1876 1042 1916 per
1076 1863 1225 1917 ipsum
1258 1864 1303 1904 et
1336 1862 1517 1916 inipso,
1542 1862 1758 1916 supplico,
1782 1862 2004 1915 quatenus

218 1934 426 1976 misertus
460 1934 558 1986 mei,
608 1948 694 1989 que
743 1948 821 1976 sue
869 1937 976 1976 sunt
1023 1935 1191 1989 optime
1225 1937 1269 1976 et
1301 1933 1710 1989 irreprehensibilis
1743 1932 2003 1983 voluntatis,

148 2002 202 2045 25
218 2007 464 2048 secundum
497 2006 564 2048 sui
598 2006 878 2049 infallibilem
913 2006 1258 2061 disposicionem
1306 2006 1439 2048 michi
1481 2005 1665 2048 minimo
1698 2004 1875 2058 elargiri
1909 2002 2004 2057 dig-

218 2078 348 2120 netur
379 2077 425 2119 in
456 2078 671 2120 honorem
704 2079 968 2132 laudemque
1002 2078 1072 2120 sui
1106 2078 1313 2130 nominis,
1357 2078 1477 2131 quod
1510 2091 1645 2131 super
1678 2089 1808 2119 omne
1842 2088 2005 2116 nomen

217 2151 304 2202 est,
350 2151 395 2191 et
436 2149 483 2191 in
515 2150 889 2204 tranquillitatem
922 2150 1108 2192 ecclesie
1141 2164 1221 2192 sue
1254 2152 1405 2192 sancte
1438 2151 1575 2203 atque
1607 2146 2006 2201 reintegracionem

216 2234 367 2263 veram
398 2221 539 2263 tocius
571 2222 724 2276 populi
759 2222 828 2263 sui
861 2221 1093 2264 christiani
1126 2235 1225 2263 cum
1260 2222 1420 2263 ceteris
1453 2220 1662 2263 fidelibus
1696 2219 1936 2273 cooperari.

335 2292 407 2335 Ad
430 2292 701 2349 ultimum2),
734 2294 852 2348 quod
882 2293 1058 2347 incipit:
1095 2292 1167 2335 Set
1196 2308 1268 2334 nec
1282 2300 1503 2348 propterea
1536 2295 1580 2335 et
1603 2292 1720 2334 finit:
1753 2291 1914 2333 ecclesie
1936 2304 2006 2330 sue

147 2360 204 2402 30
217 2370 354 2405 sancte
387 2379 517 2414 amen,
553 2366 828 2408 commendo.
863 2365 918 2406 Et
953 2364 1083 2406 michi
1117 2366 1292 2407 videtur
1315 2363 1720 2418 oportunissimum
1743 2363 1850 2414 fore,
1884 2362 2005 2416 quod

217 2435 283 2478 illi
315 2448 417 2478 cum
448 2437 569 2478 omni
601 2437 804 2489 caritate,
838 2450 961 2478 more
994 2439 1037 2478 et
1069 2437 1318 2491 prudencia
1351 2436 1650 2491 requirantur,
1694 2435 1770 2489 qui
1803 2447 1894 2476 non
1924 2447 2005 2487 pa-

216 2520 316 2549 rurn
355 2508 571 2561 prodesse
614 2521 714 2550 cum
747 2509 897 2550 divino
931 2508 1093 2551 auxilio
1124 2512 1314 2563 queunt,
1348 2507 1695 2561 huiusquemodi
1728 2506 1892 2548 mentis
1926 2505 2004 2547 do-

219 2577 432 2632 minumb)
457 2579 721 2634 Gregorium
753 2579 843 2623 fore
867 2582 1075 2635 expertus
1108 2593 1221 2622 sum.
1270 2580 1327 2621 Et
1352 2580 1414 2622 sic
1437 2592 1518 2633 per
1551 2592 1616 2631 ea,
1651 2592 1738 2632 que
1777 2576 1846 2619 sui
1877 2578 2004 2630 parte

219 2650 430 2704 respondi
464 2651 678 2694 disertum
710 2652 918 2693 habunde
951 2654 1061 2706 puto
1086 2686 1094 2694 .
1121 2686 1129 2694 .
1156 2684 1165 2693 .

147 2717 202 2760 35
338 2721 437 2764 Hiis
484 2723 648 2765 auditis
697 2724 910 2778 deprecor
957 2737 1037 2779 per
1083 2737 1162 2766 vos
1208 2722 1305 2764 fieri
1352 2725 1395 2765 et
1443 2723 1628 2766 obsecro
1681 2735 1762 2777 per
1809 2733 1912 2763 eum
1960 2720 2005 2761 et

335 2935 364 2968 a)
385 2934 429 2962 Es
449 2934 532 2969 folqt
551 2934 743 2971 ilberflilseiy
764 2934 1067 2972 (unterpunyierti’)
1088 2937 1135 2965 ut.
1217 2936 1250 2971 b)
1271 2935 1396 2963 domini
1416 2936 1454 2964 B.

339 3018 368 3062 ¹)
396 3018 511 3053 Decr.
537 3018 583 3053 II
596 3031 634 3065 p.
662 3031 775 3054 eausa
801 3019 929 3054 XXIII
951 3033 982 3066 q.
1023 3019 1097 3056 Vc.
1124 3020 1171 3055 43
1196 3020 1268 3054 und
1291 3021 1347 3054 44.

339 3077 368 3125 ⁸)
395 3076 474 3118 Auf
493 3078 558 3113 das
586 3077 731 3129 Kapitel
752 3079 815 3114 mit
838 3079 905 3116 den
930 3079 1254 3129 Ortsvorsehlciyen
1271 3079 1461 3115 Benedllcts
1486 3079 1573 3128 yelzt
1587 3078 1782 3135 illatatesta
1814 3075 1912 3114 m'clct
1936 3075 2003 3112 ein.
