2216 3432
463 203 506 238 B.
539 203 684 241 Johann
708 203 847 239 XXIII.
873 203 947 238 und
973 203 1060 238 Karl
1086 203 1284 240 Malatesta.
1311 205 1404 240 1410
1427 204 1503 239 und
1531 206 1633 242 1411.
1672 205 1733 242 Nr.
1759 207 1793 242 4.
1963 197 2018 239 29

350 310 453 354 Alia
489 311 559 353 est
599 309 781 367 racioss).
846 311 980 364 Dat),
1019 311 1141 366 quod
1173 311 1459 364 conveniant,
1501 324 1603 354 cum
1640 313 1747 355 satis
1788 313 2020 357 evidenter

231 380 382 438 quisb)
421 396 474 425 ex
513 381 835 438 principalibus
874 381 1142 425 ambiciosus
1180 383 1392 436 arguatur
1431 385 1476 425 et
1515 383 1676 426 dixerit
1712 397 1817 426 suos
1859 386 2020 427 adver-

233 453 372 497 sarios
394 454 535 496 multa
557 452 830 495 commisisse
852 453 1053 495 enormia
1065 455 1095 506 c)
1129 454 1314 507 propter
1336 453 1632 496 ambicionem
1665 455 1895 509 regnandi,
1930 470 2019 499 non

235 527 302 568 est
333 524 405 568 via
435 524 512 567 illa
545 537 642 567 eam
676 524 977 579 suspicionem
1009 524 1204 567 tollendi.
1255 525 1333 567 Set
1364 524 1602 568 verisimile
1636 527 1715 578 est,
1749 528 1883 581 quod,
1917 527 2019 582 qui-

191 593 425 651 5cumque
478 610 560 651 per
601 596 773 650 nephas
828 608 1017 649 regnare
1049 595 1269 649 voluerit,
1318 594 1547 650 vidensd),
1598 598 1717 651 quod
1773 611 1852 652 per
1901 599 2015 653 phas

232 681 418 723 regnare
450 681 540 710 non
572 668 694 720 licet,
727 669 814 720 ete)
858 667 895 709 si
935 666 1048 710 forte
1088 680 1293 721 regnum,
1338 668 1542 722 quamvis
1584 668 1824 712 iuridicum
1866 664 2015 723 fuerit,

231 740 436 782 amittere
468 739 649 791 titubet,
688 738 814 781 fedus
860 751 962 781 cum
1007 738 1100 781 suis
1139 739 1251 781 iniet
1293 740 1477 793 prelatis
1516 737 1603 795 etf)
1636 740 1914 795 principibus
1947 742 2017 796 ip-

231 812 429 867 sorumss)
471 810 679 852 servandi
718 811 885 852 statum
926 812 970 852 et
1007 807 1218 865 augendi,
1260 813 1308 853 ut
1341 811 1410 853 sui
1441 809 1550 864 illih)
1592 811 1725 854 fidem
1757 814 1937 855 servent
1970 816 2013 855 et

229 881 350 937 ipsos
393 882 615 924 sublimet.
690 882 747 923 Et
778 883 886 924 tunc
921 880 1179 936 supplicoi),
1220 882 1493 938 sapienciam
1540 883 1706 925 intueri
1753 882 2013 939 vestramk),

164 949 219 991 10
233 954 455 1008 quomodo
488 952 792 995 mediantibus
824 954 1036 996 membris
1070 953 1261 1004 infectis,
1297 954 1373 1009 qui
1405 968 1504 996 cum
1537 955 1714 997 infectis
1737 955 2019 1010 principibus

232 1027 276 1067 et
319 1024 573 1068 ambiciosis
620 1024 935 1076 convenerint,
983 1025 1150 1080 poterit
1198 1026 1386 1068 ecclesia
1434 1025 1481 1068 in
1530 1027 1676 1081 capite
1718 1028 1764 1069 et
1805 1027 2018 1070 membris

231 1096 476 1139 reformari.
555 1097 612 1138 Et
647 1097 729 1139 hec
785 1098 1006 1139 tractandi
1052 1097 1228 1140 abilitas
1269 1097 1463 1151 tollitur,
1506 1098 1544 1140 si
1584 1100 1687 1140 ante
1735 1099 2016 1152 conveniant,

231 1180 365 1222 quam
408 1167 455 1209 in
485 1166 734 1224 affectum1)
766 1167 912 1210 cordis
942 1182 1095 1212 eorum
1120 1169 1295 1211 divisim
1328 1172 1616 1224 congregatos
1641 1170 1845 1214 habeant.
1913 1171 2019 1213 Tol-

230 1239 337 1282 litur
367 1239 554 1294 insuper
587 1239 767 1283 amissio
801 1240 1015 1294 temporis
1054 1242 1097 1283 et
1129 1241 1316 1295 inpense
1358 1242 1673 1297 dampnosem).
1753 1243 1808 1284 Et
1851 1242 1887 1284 si
1919 1243 2018 1297 quis

163 1306 215 1348 15
231 1311 433 1365 pa·cium
470 1311 681 1367 dixeritn)
721 1325 811 1354 non
853 1325 1030 1365 curare,
1071 1313 1191 1366 quod
1229 1313 1400 1355 cautele
1449 1315 1763 1356 removeantur
1802 1315 2016 1368 predicte,

231 1383 408 1436 signum
445 1384 613 1425 certum
661 1385 743 1437 est,
792 1384 912 1437 quod
957 1384 1044 1426 illis
1085 1385 1149 1426 uti
1197 1385 1424 1438 proponit.
1505 1386 1663 1427 Posset
1707 1386 1890 1440 insuper
1934 1399 2015 1440 pro

231 1454 436 1512 minimo,
477 1456 714 1509 postquam
759 1468 1027 1509 unaqueque
1070 1455 1272 1509 parcium
1313 1455 1538 1511 divisim0)
1580 1459 1844 1511 congregata
1885 1460 2017 1510 esset,

232 1526 452 1569 discordia
484 1527 591 1569 oriri
631 1527 685 1568 de
717 1528 849 1569 modo
883 1527 975 1569 sive
1009 1527 1151 1583 locop)
1191 1527 1236 1569 in
1270 1528 1399 1570 simul
1436 1529 1732 1582 congregandi
1771 1530 1814 1570 et
1846 1529 1908 1571 sic
1940 1543 2018 1571 ne-

231 1597 403 1651 gocium
435 1597 567 1640 infici.
617 1598 674 1640 Et
705 1600 811 1641 tunc
834 1613 1103 1653 unaqueque
1135 1599 1375 1642 iustificata
1403 1612 1538 1642 causa
1561 1614 1642 1642 sua
1673 1601 1833 1642 iterum
1857 1601 1967 1643 alias
1980 1602 2017 1656 q)

160 1663 216 1704 20
233 1669 496 1723 dampnaret
544 1671 588 1712 et
645 1673 801 1713 contra
844 1670 980 1723 illasr)
1033 1672 1298 1725 procederet
1341 1673 1384 1713 et
1425 1671 1487 1713 sic
1521 1671 1592 1714 via
1624 1671 1925 1714 concessionis
1973 1674 2018 1714 et

232 1740 448 1796 conciliis)
481 1741 551 1782 bis
585 1743 759 1784 tentata
792 1744 834 1783 et
862 1741 1039 1795 infecta,
1064 1743 1199 1796 quod,
1234 1743 1464 1796 deprecor,
1489 1745 1705 1797 quantum
1739 1742 1786 1785 in
1808 1743 2017 1785 humanis

231 1812 436 1854 sensibus
469 1814 549 1865 est,
573 1813 820 1855 remedium
853 1816 1105 1856 remaneret
1129 1815 1290 1857 scisma
1322 1815 1365 1855 et
1397 1814 1617 1856 triscisma
1650 1815 1834 1857 tollendi
1859 1815 2017 1857 diebus

230 1883 459 1939 nostris.¹)
521 1884 688 1926 Iterum
720 1898 836 1937 vero,
877 1885 983 1939 quia
1015 1886 1219 1927 nonnulli
1262 1885 1596 1937 fabulabantur,
1638 1889 1877 1941 postquam
1910 1887 2016 1928 unio

230 1968 335 1997 vera
366 1954 482 1997 facta
514 1957 601 2007 est,
635 1956 744 1998 haut
785 1956 1027 2010 expediens
1060 1956 1175 2009 fore,
1218 1957 1327 2011 quin
1367 1970 1513 2011 ymmo
1555 1971 1791 2000 erroneum
1824 1958 2016 2011 amplius

159 2019 214 2060 25
231 2026 285 2068 de
316 2026 520 2069 facienda
551 2027 714 2070 unionc
737 2028 939 2070 tractare.
989 2027 1197 2070 Adiciunt
1229 2029 1434 2083 preterea
1466 2042 1555 2071 non
1587 2028 1719 2071 licere
1743 2030 1798 2071 de
1831 2030 2016 2072 ecclesie

230 2097 548 2141 reformacione
581 2098 803 2141 subiectos
826 2101 1027 2149 tractare,
1063 2113 1164 2142 cum
1196 2113 1302 2142 cura
1335 2100 1564 2153 regiminis
1597 2100 1782 2142 ecclesie
1816 2101 1873 2142 sit
1896 2114 2016 2142 com-

228 2169 366 2211 missa
396 2170 607 2224 prelatis,
651 2172 867 2224 ceterum,
900 2172 1020 2225 quod
1053 2171 1239 2213 ecclesia
1278 2171 1509 2214 reformari
1552 2172 1714 2226 poterit
1750 2172 1796 2214 in
1831 2172 2016 2214 concilio

227 2253 309 2294 per
341 2240 510 2283 dictum
542 2241 772 2284 dominum
805 2242 1052 2285 Iohannem
1083 2242 1313 2292 indicto.2)

348 2313 404 2354 Et
436 2312 474 2354 si
507 2326 596 2355 non
628 2312 726 2366 fiat,
760 2316 866 2356 tunc
899 2315 1045 2356 adhuc
1086 2314 1225 2368 magis
1259 2315 1524 2358 canonicum
1564 2314 1658 2356 fore
1691 2316 1881 2358 mortem
1914 2328 2015 2370 pre-

157 2373 216 2416 30
232 2382 339 2425 dicti
372 2383 540 2425 domini
572 2384 781 2426 Iohannis
821 2385 1097 2441 [prestolari]
1111 2385 1166 2441 t),
1209 2385 1422 2440 quoniam
1464 2388 1571 2428 tunc
1613 2386 1776 2440 poterit
1809 2387 1863 2428 dc
1896 2387 2014 2428 bono

226 2454 452 2508 provideri
485 2457 680 2508 pastore,
715 2456 791 2510 qui
814 2456 1070 2499 reformabit
1102 2457 1349 2510 ecclesiam,
1383 2470 1520 2512 quam
1553 2460 1708 2499 contra
1731 2471 1833 2500 eum
1866 2458 2014 2499 insur-

226 2539 342 2579 gere,
376 2526 453 2580 qui
486 2526 763 2570 indubitatus
801 2529 955 2582 pastor
994 2529 1073 2570 est.
1145 2529 1435 2583 Interrogabo
1475 2529 1596 2581 illos,
1637 2528 1714 2583 qui
1754 2529 2012 2570 huiusmodi

226 2599 344 2650 sunt,
393 2610 539 2640 coram
587 2598 767 2641 domino
809 2599 901 2642 Deo
950 2603 994 2642 et
1041 2599 1170 2642 nobis
1219 2613 1359 2642 unum
1407 2601 1604 2643 verbum.
1685 2600 2010 2655 Respondeant

352 2785 382 2820 a)
404 2785 472 2814 alia
489 2786 576 2815 ratio
598 2788 626 2815 0.
700 2788 734 2823 b)
756 2787 866 2823 quivis
886 2795 929 2816 ex
948 2787 1195 2824 principalibus
1216 2788 1339 2816 dixerit
1360 2789 1389 2817 (Ξ
1469 2789 1497 2823 c)
1519 2789 1608 2816 Fehlt
1628 2790 1665 2816 B.
1740 2788 1771 2822 d)
1800 2788 1954 2816 videntes
1975 2789 2012 2815 B.

154 2823 209 2867 35
222 2832 250 2866 e)
270 2832 324 2860 vel
346 2834 375 2861 Ο.
454 2833 480 2869 1)
501 2834 588 2862 Fehlt
610 2835 639 2862 Ο.
699 2836 732 2870 g)
753 2842 869 2863 eorum
891 2836 920 2864 C'.
992 2835 1027 2870 h)
1048 2836 1134 2863 Fehlt
1156 2836 1185 2864 C‘.
1246 2836 1268 2871 i)
1290 2836 1461 2871 supplicat
1482 2835 1622 2863 Carolus
1644 2837 1672 2864 C'.
1736 2836 1770 2870 k)
1792 2843 1961 2863 cesaream
1983 2836 2012 2863 0.

224 2879 249 2915 1)
269 2879 422 2908 effectum
461 2881 490 2909 0.
580 2883 624 2916 m)
645 2882 803 2910 damnose
825 2884 853 2911 0.
945 2884 977 2918 n)
998 2883 1131 2911 dixerat
1151 2884 1180 2912 0.
1272 2885 1303 2918 o)
1324 2883 1412 2911 Fehlt
1434 2884 1462 2911 C'.
1554 2884 1587 2919 p)
1615 2883 1655 2911 de
1675 2883 1750 2911 loco
1772 2883 1842 2911 sive
1863 2883 1960 2911 modo
1983 2883 2011 2910 Ο.

225 2927 258 2962 q)
279 2927 365 2956 alios
386 2928 415 2956 0.
487 2929 517 2964 r)
537 2928 616 2957 illos
637 2930 666 2958 0.
739 2931 767 2966 s)
789 2930 920 2959 consilii
942 2932 978 2959 Β.
1052 2932 1076 2965 t)
1097 2932 1242 2966 Erycinzt
1260 2932 1346 2959 nach
1365 2931 1388 2960 S
1404 2934 1439 2959 31
1459 2932 1494 2958 Z.
1513 2934 1556 2958 25.

346 2989 372 3033 ¹)
399 2987 536 3024 Someit
556 2989 734 3035 yedruckt
756 2991 792 3024 in
818 2988 1044 3038 Attzplissima
1074 2992 1244 3026 collectio
1283 2991 1353 3027 VII.
2017 3020 2033 3033 .

345 3047 375 3093 ²)
412 3047 532 3083 Weder
573 3049 713 3084 ιῘοΙιαηνι,
738 3049 872 3085 XXIII.
903 3051 993 3086 noch
1025 3051 1089 3086 das
1120 3050 1253 3086 Konzil
1285 3051 1367 3086 sind
1407 3050 1526 3086 bislaer
1555 3055 1722 3097 yenannt.
1785 3049 1851 3096 Vql.
1877 3049 2010 3084 Εἱηῐεί-

152 3108 311 3153 40tun9
338 3106 378 3142 S.
405 3106 437 3142 7.
