2216 3432
312 168 354 208 F.
379 168 551 215 Anhang:
579 167 798 215 sigismund,
817 167 953 215 Gregor
969 168 1052 206 XII.
1069 171 1144 206 und
1162 170 1307 207 Johann
1323 171 1462 208 XXIII.
1489 173 1734 213 ulo-1413.
1760 174 1791 208 N
1796 186 1822 211 r.
1840 174 1897 211 22.
1943 164 1999 207 95

208 276 536 321 s'adimandino
567 275 687 319 nella
717 275 874 329 forma,
907 277 990 319 che
1022 277 1067 320 di
1100 279 1216 321 sotto
1249 291 1441 320 saranno
1470 280 1646 333 scripte.
1694 280 1751 323 Et
1773 294 1820 323 se
1841 282 2000 325 alcuna

209 347 458 391 diffichulta
495 347 532 389 si
572 347 743 390 facesse
782 359 863 401 per
901 349 1056 390 sancto
1096 350 1235 402 padre
1274 348 1321 390 in
1353 350 1598 392 concedere
1635 351 1796 394 alcuna
1828 353 1868 394 d'
1902 365 2000 396 esse

207 418 364 474 gratie,
397 418 521 471 fatte,
555 418 636 460 che
668 431 751 460 con
775 418 921 472 quelle
944 419 1128 473 regioni,
1163 421 1243 462 che
1266 433 1489 475 sapranno
1514 421 1554 462 le
1577 423 1724 463 vostre
1747 424 1998 478 prudentie⁷

206 490 277 533 voi
315 491 358 532 lo
392 489 612 532 'nduciate
652 503 678 532 a
717 490 866 543 quelle
905 490 1168 532 consentire.
1233 491 1290 532 Et
1329 504 1376 533 se
1419 491 1451 533 il
1493 494 1647 534 sancto
1689 494 1867 550 padrest)
1900 529 1908 537 .
1945 527 1953 536 .
1988 530 1997 538 .

164 563 310 606 5ecco
351 562 395 604 io
435 561 647 614 concedo,
686 562 854 615 quante
887 574 935 602 se
969 561 1252 604 n'adimanda
1293 574 1374 616 per
1414 563 1455 604 lo
1489 563 1611 605 detto
1644 577 1706 615 re,
1749 565 1830 607 6116
1868 567 1998 608 vuole

206 646 305 675 esso
351 632 445 675 fare
494 632 671 675 inverso
716 632 807 685 noi,
861 632 1186 686 mostreretegli
1232 634 1259 675 l'
1299 633 1461 686 utilita‚
1510 635 1591 676 che
1639 648 1694 677 ne
1742 639 1999 690 conseguita

205 704 297 760 alla⁴
324 717 405 746 sua
436 703 714 746 beatitudine
747 705 794 745 et
829 703 868 746 13
900 703 1050 746 chiesa
1083 705 1127 746 di
1151 705 1234 746 Dio
1268 705 1311 747 di
1346 706 1509 759 questa
1540 705 1787 749 riductione
1820 710 1863 749 et
1895 710 1997 751 nell’

205 763 353 817 essere
398 788 499 818 6550
546 775 773 817 obedienti
821 775 908 817 alla
955 788 1037 817 sua
1083 775 1250 818 santita
1305 778 1351 818 et
1398 777 1514 818 nelle
1562 777 1889 821 confirmationi
1929 781 1997 822 de’

204 845 394 888 benefici
426 847 470 888 et
501 846 574 888 nel
605 846 850 898 collettore,
884 846 953 887 ch’
986 846 1071 900 egli
1104 847 1358 899 adimanda,
1392 849 1473 889 che
1506 849 1621 890 vada
1653 862 1678 890 a
1709 850 1954 892 riscuotere
1984 852 1997 892 i

138 920 192 961 10
206 916 342 959 debiti
374 917 493 959 della
525 929 701 959 camera
732 917 1022 971 39905101163,
1064 919 1108 959 61
1140 918 1232 959 6051
1265 919 1527 960 mostrerete
1560 920 1687 962 laltre
1721 921 1881 973 11111113,
1915 922 1997 964 che

184 988 249 1030 -di
281 990 442 1042 questo
475 991 575 1031 3610
608 989 967 1042 eonseguiscono.
1033 988 1089 1030 Se
1123 1003 1148 1031 a
1180 991 1340 1043 questo
1373 1003 1463 1032 non
1495 991 1739 1033 rimanesse
1772 995 1996 1045 contento,

203 1060 341 1102 allora
385 1059 527 1101 direte
566 1060 653 1102 alla
691 1073 772 1102 sua
814 1059 993 1109 53111113,
1038 1073 1162 1101 60106
1202 1062 1362 1114 questo
1406 1061 1691 1103 serenissimo
1728 1063 1930 1118 principe
1963 1065 1996 1106 s'

202 1130 430 1184 oblighera
462 1131 796 1173 solennemente
820 1144 846 1172 a
868 1144 1016 1172 essere
1049 1131 1096 1172 111
1118 1130 1300 1186 proprio
1332 1131 1571 1174 obediente
1605 1134 1691 1175 3113
1719 1147 1800 1176 5113
1831 1136 1997 1178 53111113

203 1203 246 1244 61
268 1215 294 1244 3
314 1203 419 1244 111111
443 1202 458 1243 1
481 1202 578 1244 suoi
611 1202 860 1244 successori
896 1203 941 1244 et
975 1202 1062 1244 alla
1095 1205 1226 1245 santa
1258 1203 1409 1244 madre
1441 1204 1644 1257 ecclesia,
1679 1207 1723 1247 et
1746 1219 1793 1247 se
1818 1207 1874 1248 da
1895 1207 1996 1248 tutti

135 1274 187 1316 15
202 1272 261 1327 gli
307 1273 409 1315 altri
456 1273 662 1327 principi,
709 1273 986 1315 communita
1034 1275 1079 1315 et
1126 1274 1293 1327 signori
1341 1287 1441 1315 esso
1483 1276 1529 1316 et
1572 1275 1714 1317 isuoi
1751 1278 1995 1319 successori

201 1340 381 1387 fussone
419 1345 738 1397 abbandonam,
778 1358 878 1386 esso
924 1345 1018 1386 solo
1061 1345 1183 1387 stara
1221 1345 1361 1386 sermo
1394 1346 1512 1388 nella
1543 1347 1797 1389 obedientia
1831 1350 1876 1389 et
1910 1350 1995 1391 mai

202 1416 258 1458 da
289 1417 438 1469 'quella
470 1430 561 1458 non
593 1416 631 1457 si
663 1415 846 1476 9311113.
911 1416 966 1457 Ε1
998 1429 1024 1457 3
1055 1416 1149 1458 sare
1182 1416 1222 1457 le
1254 1417 1458 1469 predette
1490 1430 1591 1459 cose
1624 1418 1653 1460 il
1683 1419 1806 1461 detto
1840 1420 1997 1462 misser

201 1486 378 1541 Filippo
419 1501 445 1530 3
484 1487 616 1541 91600
658 1487 866 1529 mandato
910 1487 983 1528 dal
1026 1488 1150 1529 detto
1193 1501 1240 1529 re
1283 1487 1330 1529 in
1373 1489 1553 1542 publica
1597 1489 1751 1541 forma,
1794 1490 1823 1531 il
1864 1492 1995 1544 quale

200 1559 403 1611 poterete
435 1559 596 1600 vedere
629 1560 675 1600 61
707 1571 838 1600 avere
871 1558 914 1600 13
946 1558 1096 1612 60913;

131 1633 188 1673 20
319 1629 475 1671 Brevis
509 1631 614 1671 nota
645 1642 812 1682 eorum,
847 1642 934 1682 que
966 1630 1184 1682 petuntur
1217 1642 1299 1683 pro
1331 1632 1458 1684 parte
1492 1631 1661 1673 (10111101
1695 1632 1809 1685 regis
1843 1633 1996 1674 exten-

202 1701 350 1742 denda
388 1701 433 1741 61
465 1701 714 1742 ordinanda
751 1700 798 1742 10
830 1700 1015 1742 minutis
1057 1713 1155 1742 cum
1187 1700 1292 1742 stilo
1324 1703 1370 1743 61
1402 1701 1544 1743 forma
1576 1703 1810 1757 oportunis
1844 1703 1995 1745 formis

201 1771 434 1813 effectibus
467 1773 574 1814 suis.
630 1772 793 1824 Primo,
826 1785 924 1813 cum
960 1771 1275 1814 serenissimus
1305 1773 1348 1813 et
1371 1772 1765 1816 christianissimus
1789 1774 1995 1829 princeps

201 1843 407 1884 dominus
450 1843 779 1896 Sigismundus,
820 1842 900 1884 Dei
945 1841 1086 1896 gratia
1126 1856 1202 1884 rex
1234 1843 1509 1896 Hungharie,
1553 1844 1785 1898 Dalmaffie,
1819 1845 1996 1888 Croatie

201 1915 286 1962 etc.
325 1917 369 1956 61
401 1927 482 1957 5113
515 1915 674 1957 domus
706 1915 927 1956 hactenus
959 1913 1158 1955 indebite
1190 1914 1448 1968 receperint
1486 1915 1651 1957 multas
1691 1916 1995 1969 gravesiniu-

129 1987 184 2029 25
201 1985 289 2027 rias
328 1999 354 2028 3
394 1986 526 2028 certis
574 1985 759 2027 summis
807 1984 1115 2039 pontificibus,
1163 1998 1220 2027 ne
1258 1985 1304 2026 in
1346 1985 1798 2028 futurumfsimiliter
1844 1991 1996 2041 posset

198 2069 445 2110 occurrere,
477 2057 650 2111 petitur
681 2070 763 2112 pro
795 2058 921 2111 parte
956 2057 1059 2098 (11611
1095 2055 1261 2098 domini
1293 2057 1409 2110 regis
1443 2071 1467 2098 a
1489 2059 1643 2099 sancto
1666 2059 1792 2111 patre
1816 2058 1995 2101 domino

199 2139 371 2170 summo
417 2127 630 2183 pontifice
679 2128 829 2171 taliter
875 2141 958 2182 pro
1005 2141 1053 2169 se
1105 2129 1148 2169 et
1196 2127 1529 2169 successoribus
1573 2128 1790 2170 declarari
1833 2131 1876 2171 et
1915 2143 1996 2184 per

198 2199 367 2241 bullam
400 2201 444 2241 et
476 2199 742 2253 rescriptum
781 2199 991 2251 ordinari,
1037 2199 1157 2253 quod
1198 2198 1342 2240 dictus
1383 2199 1590 2241 dominus
1635 2213 1711 2241 rex
1753 2203 1798 2243 et
1830 2200 1906 2242 3111
1939 2201 1994 2241 (16

199 2282 281 2312 5113
320 2271 451 2312 domo
491 2270 581 2312 sint
618 2284 645 2312 3
685 2271 853 2313 talibus
901 2271 1034 2325 plene
1076 2270 1221 2312 securi
1265 2272 1310 2311 et
1350 2270 1404 2312 de
1448 2270 1614 2312 talibus
1663 2284 1752 2313 non
1800 2271 1995 2313 habeant

129 2342 185 2385 30
201 2340 418 2385 dubitare,

318 2412 374 2454 Et
404 2411 521 2454 idem
553 2412 632 2455 fiat
661 2426 741 2468 per
774 2412 947 2455 litteras
981 2413 1262 2455 dominorum
1285 2412 1580 2455 cardinalium
1604 2413 1818 2467 sigillatas
1840 2413 1995 2468 sigillis

199 2481 334 2525 trium
366 2484 567 2538 priorum
598 2484 914 2539 pendentibus.

318 2554 538 2608 Secundo,
585 2556 720 2609 quod,
767 2556 958 2598 maxime
1009 2555 1293 2598 considerata
1342 2556 1530 2610 antiqua
1576 2556 1901 2599 consuetudine
1949 2557 1995 2598 et

199 2625 321 2678 quod
351 2625 561 2668 dominus
592 2640 671 2669 rex
708 2627 869 2681 suique
905 2639 1191 2680 precessores
1233 2627 1305 2669 est
1344 2628 1392 2669 et
1432 2627 1613 2668 fuerunt
1644 2627 1822 2681 patroni
1854 2627 1994 2668 eccle-

128 2696 183 2739 35
200 2695 367 2738 siarum
414 2698 457 2739 et
503 2697 624 2751 quod
670 2697 926 2747 beneficiati
973 2697 1095 2751 regni
1142 2710 1222 2751 pro
1269 2697 1424 2740 maiori
1461 2699 1590 2751 parte
1628 2699 1734 2739 sunt
1774 2697 1818 2738 111
1858 2711 1992 2750 regno

198 2768 403 2822 potentes
437 2770 483 2811 61
513 2769 552 2811 51
583 2782 674 2812 11011
706 2770 856 2812 6556111
887 2768 1097 2812 confidati
1125 2769 1230 2823 regi,
1263 2771 1450 2823 possent
1478 2771 1645 2811 statum
1674 2781 1801 2810 suum
1824 2781 1991 2821 ponere

198 2837 246 2880 in
273 2839 490 2892 periculo,
527 2841 663 2894 prout
693 2839 783 2883 iam
814 2839 1031 2893 fecerunt,
1073 2841 1194 2894 quod
1234 2839 1440 2883 dominus
1479 2853 1595 2895 papa
1628 2840 1841 2882 concedat
1874 2839 1992 2881 dicto

201 2909 380 2953 domino
413 2909 505 2964 regi
527 2911 572 2952 et
593 2911 685 2952 suis
714 2911 1063 2964 successoribus,
1097 2912 1219 2966 quod
1239 2911 1338 2966 ipsa
1359 2910 1575 2953 beneficia
1597 2903 1769 2965 possint
1792 2910 1991 2952 conferre

319 3074 351 3108 a)
371 3075 453 3102 Hier
470 3075 514 3103 iot
532 3075 600 3102 eine
619 3074 726 3103 Lilcke
744 3075 789 3103 im
809 3076 882 3111 Ray.
