2216 3432
510 141 551 179 E.
594 141 796 188 sigismund
819 146 891 181 und
917 147 978 183 der
1001 151 1212 195 griechische
1237 154 1360 191 Kaiser
1385 158 1531 197 Manuel.
1571 162 1630 200 Nr.
1659 164 1735 202 111.
1906 159 1983 202 391

259 247 447 301 gratiam
489 247 728 304 firmanda,
772 264 862 296 non
897 258 1117 308 parcendo
1158 259 1203 300 in
1239 260 1320 303 hac
1355 266 1476 318 parte
1512 267 1797 322 inquietudini
1835 265 1989 318 mentis

258 317 577 374 laboribusque
609 323 830 377 corporeis
863 326 905 367 et
935 325 1105 382 fatigiis,
1138 330 1366 374 efficaciter
1396 348 1473 377 nos
1504 336 1837 393 interponemus.

379 495 438 541 E.
492 495 796 555 Sigismund
824 501 936 545 und.
967 501 1059 547 der
1089 504 1405 560 griechische
1435 509 1617 556 Kaiser
1646 513 1867 562 Manuel.

855 571 972 617 Von
1004 572 1128 619 1411
1160 575 1240 621 bis
1275 576 1421 623 1414.

213 670 342 719 5111,
388 674 543 731 (Ko'niy
569 674 812 731 Siqismund
842 693 894 719 cm
927 678 1002 720 den
1026 681 1295 735 yriechiselcen
1317 683 1464 726 Kaiser
1491 686 1669 743 lisanuel)
1703 689 1867 732 schreibt
1894 693 1990 735 ‘iiber

254 746 331 787 den
373 744 482 787 Plan
524 746 590 788 die
636 745 798 788 Tierlcen
837 763 888 789 zu
931 748 1191 805 belcd'mpfem
1236 754 1415 794 u·ic'nsclct
1451 758 1523 797 wie
1559 756 1668 807 jener
1712 762 1774 800 ein
1810 760 1989 803 Freund-

253 816 643 873 sclaaftsbzhdnisffi
671 818 793 874 frent
824 819 910 860 sicli
948 820 1049 861 vibet·
1080 822 1155 862 den
1194 821 1366 865 Wunsch
1399 825 1581 868 Manuels
1620 829 1723 870 nach
1761 829 1892 872 Union
1922 833 1991 874 der

250 887 390 930 beiden
411 887 612 938 Kirehem
643 891 730 931 sein
763 889 1041 933 Promemoria
1073 892 1272 942 lcieriibem·
1304 894 1486 937 Antwort
1513 896 1693 939 Johanns
1716 899 1895 951 XXIII„
1929 903 1991 944 die

257 958 396 1001 Union
433 960 530 1002 Solle
568 961 653 1014 auf
680 961 770 1002 dem
802 962 1026 1003 rijmz'sclaen
1057 963 1213 1014 Koneil,
1255 973 1363 1006 sonst
1398 967 1480 1021 auf
1506 969 1630 1009 einem
1660 973 1820 1024 spc'z'tern
1849 971 1991 1013 Konzil

184 1027 238 1070 10
250 1031 490 1073 verlcandelt
519 1032 700 1081 werden3
723 1033 962 1088 politisclzer
992 1032 1150 1075 Nutzen
1181 1035 1252 1076 der
1289 1035 1433 1077 Union.
1491 1037 1617 1091 (1411
1642 1039 1729 1080 Mae·
1749 1041 1841 1081 oder
1862 1040 1988 1095 duni.)

321 1125 397 1160 Acts
440 1124 524 1160 Cod.
556 1125 741 1160 Palatinus
782 1126 847 1161 701
876 1127 946 1172 fol.
977 1126 1047 1163 270
1059 1127 1210 1162 v.—272
1239 1129 1296 1173 (B)
1332 1130 1402 1163 und
1426 1131 1494 1175 fol.
1525 1129 1594 1164 ‘253’
1625 1132 1692 1165 und
1717 1133 1786 1166 256
1798 1145 1828 1167 v.
1855 1146 1882 1167 s·
1911 1134 1990 1177 (13⁶).

392 1185 576 1220 Letzteres
602 1187 639 1220 in
663 1187 753 1221 τηνεί
782 1188 940 1229 ΤΙιαῐίεης
966 1188 1028 1222 (lar
1052 1189 1113 1222 veit
1137 1188 1361 1223 Considerate
1388 1189 1593 1235 beyiunende
1620 1190 1709 1225 steht
1731 1197 1857 1225 suem.

368 1282 662 1325 Serenissime
703 1282 922 1336 princeps,
972 1282 1107 1324 frater
1153 1285 1302 1324 noster
1348 1283 1578 1325 carissime.
1641 1286 1897 1338 Inspirante,
1945 1288 1990 1327 ut

246 1352 435 1395 firmiter
478 1353 719 1405 eredimus,
763 1353 809 1395 in
849 1367 984 1394 unum
1023 1353 1143 1394 cordi
1181 1355 1330 1395 nostro
1369 1354 1506 1407 gratia
1538 1355 1711 1407 spiritus
1749 1356 1883 1396 sancti
1916 1369 1990 1409 pa-

180 1419 231 1461 15
248 1424 407 1476 racliti,
442 1425 538 1478 qui,
581 1424 657 1465 ubi
691 1425 795 1474 vult,
841 1424 1021 1479 spiraffi)
1066 1424 1119 1465 ad
1152 1425 1345 1477 laudem,
1383 1425 1560 1478 gloriam
1601 1428 1643 1466 et
1680 1426 1882 1466 honorem
1914 1426 1988 1467 Dei

249 1495 573 1549 omnipotentis
607 1509 657 1537 ac
690 1509 771 1549 pro
803 1496 994 1549 generali
1027 1496 1143 1536 bono
1175 1494 1275 1536 fidei
1313 1495 1556 1546 christiane,
1598 1497 1868 1537 sacrosancte
1902 1496 1989 1536 Ro-

245 1579 376 1607 mane
422 1570 466 1608 et
507 1566 767 1608 universalis
808 1566 989 1608 ecclesie
1032 1579 1080 1607 ac
1126 1565 1293 1618 imperii
1341 1566 1471 1606 robur
1518 1579 1594 1606 nec
1633 1579 1719 1606 non
1758 1565 1887 1606 totius
1928 1565 1987 1606 rei

246 1636 425 1691 publice
456 1636 730 1679 incrementa
760 1636 885 1679 firma
916 1639 960 1679 et
991 1638 1202 1691 perpetua
1232 1649 1338 1690 pace
1374 1637 1522 1676 mutua
1553 1635 1847 1677 vicissitudine
1878 1635 1987 1676 inter

245 1721 342 1757 nos,
386 1721 540 1762 regna,
588 1711 730 1751 terras
772 1710 815 1750 et
853 1708 1054 1750 subditos
1094 1709 1266 1748 nostros
1306 1706 1523 1760 utrimque
1563 1706 1791 1747 reformata
1828 1706 1985 1745 etsta-

174 1777 231 1818 ΞΟ
245 1778 370 1821 bilita
402 1779 572 1821 sincere
605 1779 893 1822 fraternitatis
916 1778 1155 1820 inviolabili
1188 1790 1298 1818 nexu
1331 1779 1481 1817 contra
1504 1778 1543 1817 et
1567 1776 1770 1816 adversus
1797 1787 1985 1828 paganos

245 1852 289 1892 et
330 1850 533 1892 infideles
573 1850 761 1892 invicem
802 1863 883 1891 nos
923 1849 1236 1902 colligantesa).
1299 1848 1415 1888 Inter
1447 1845 1757 1887 sollicitudines
1788 1845 1984 1896 equidem

242 1922 389 1963 varias
422 1922 587 1963 nostris
610 1922 892 1975 processibus
915 1920 1151 1962 influentes
1184 1918 1427 1960 sollicitudo
1450 1912 1682 1957 cottidiana
1704 1928 1782 1955 nos
1813 1914 1982 1963 excitat,

243 1992 432 2046 qualiter
464 1993 656 2046 generali
689 1993 806 2034 bono
839 1989 1020 2046 statuib)
1053 1989 1192 2031 tocius
1223 1988 1370 2043 populi
1404 1987 1483 2028 sub
1516 1985 1717 2038 religione
1748 1983 1980 2025 christiana

242 2063 476 2105 militantis
517 2063 801 2118 multifarie0)
844 2062 1080 2116 multisque
1114 2060 1251 2101 modis
1291 2057 1447 2099 nostris
1478 2054 1743 2108 temporibus
1776 2052 1981 2107 proficere

171 2133 227 2174 25
242 2134 480 2176 valeamus.
555 2134 651 2177 Hoc
691 2147 849 2187 nempe
891 2134 937 2174 in
968 2134 1152 2184 utroque
1194 2132 1389 2171 nostrum
1423 2127 1552 2168 virtus
1583 2123 1777 2167 altissimi
1810 2123 1977 2176 operari

242 2204 508 2256 dinoscitur,
543 2206 648 2247 dum
680 2205 908 2246 amborum
940 2204 1110 2244 mentes
1142 2202 1203 2242 sic
1235 2198 1456 2241 individuo
1489 2196 1632 2237 federe
1664 2192 1898 2246 copulavit,
1932 2205 1979 2232 ac

242 2276 278 2317 si
312 2289 401 2318 non
434 2276 658 2318 diversum
691 2275 769 2316 sed
801 2274 978 2316 unicum
1000 2272 1130 2313 simul
1152 2269 1444 2312 habitaculum
1466 2265 1721 2313 obtinerent,
1755 2264 1801 2303 ut
1834 2262 1980 2302 eadem

240 2347 444 2389 voluntas
487 2347 693 2400 idemque
726 2346 782 2387 sit
815 2344 1081 2386 desiderium
1113 2340 1352 2393 utriusque,
1395 2337 1599 2390 quoniam
1629 2346 1707 2386 pro
1738 2332 1836 2372 fidei
1869 2330 1980 2371 chri-

241 2417 383 2459 stiane
416 2418 732 2472 propagatione
764 2417 855 2458 zelo
888 2412 1132 2456 devotionis
1166 2409 1334 2452 accensi
1365 2406 1659 2462 proponimus,
1698 2399 1788 2455 utd)
1819 2400 1979 2442 viribus

170 2488 226 2529 30
240 2488 499 2530 coadunatis
532 2489 686 2530 contra
710 2488 876 2528 Turcos
910 2486 954 2526 in
986 2485 1068 2526 ista
1103 2484 1223 2536 parte
1256 2479 1383 2522 maris
1414 2477 1643 2519 existentes
1675 2471 1883 2521 insimul‘')
1916 2469 1979 2509 in-

240 2572 471 2612 surgamus
503 2559 715 2612 ipsosque
748 2557 802 2598 de
833 2556 995 2597 finibus
1033 2553 1148 2603 istis,
1190 2549 1398 2592 altissimo
1436 2546 1680 2594 adiuvante,
1724 2539 1977 2615 extermine-

238 2643 352 2682 mUS,
396 2630 446 2671 ut
487 2630 639 2671 nostro
686 2626 932 2669 ministerio
976 2623 1163 2677 populus
1210 2618 1468 2662 christianus
1514 2615 1558 2655 in
1595 2624 1700 2666 paco
1745 2611 1787 2651 et
1831 2620 1978 2661 requie

239 2701 452 2756 opulenta
497 2699 794 2754 conquiescat,
843 2698 886 2738 et
932 2696 994 2737 sic
1040 2703 1266 2747 speramus
1280 2687 1311 2743 f)
1363 2686 1537 2728 tandem
1582 2680 1806 2756 providere
1851 2690 1976 2731 posse

239 2771 417 2823 cautius
450 2773 495 2813 et
527 2769 765 2824 perfectius
804 2767 857 2809 de
888 2763 1087 2820 passagio
1127 2764 1242 2803 terre
1274 2759 1442 2808 sancte,
1480 2754 1535 2796 ad
1566 2751 1681 2810 quod
1720 2751 1846 2791 etiam
1877 2747 1974 2787 vota

168 2921 224 2964 35
357 2923 388 2957 a)
419 2921 498 2950 Satz
522 2919 772 2953 unvolletdndiy.
850 2917 883 2950 b)
909 2915 998 2942 statu
1024 2914 1060 2940 B.
1137 2911 1166 2945 c)
1190 2905 1398 2943 multipharie
1422 2905 1458 2932 B.
1535 2901 1566 2937 d)
1592 2900 1625 2927 et
1649 2900 1685 2926 B.
1754 2897 1782 2931 e)
1806 2893 1901 2923 simul
1927 2892 1972 2920 B!

237 2970 263 3005 f)
283 2968 483 3005 sperandum
502 2968 552 2996 B‘.

361 3029 388 3079 ²)
412 3027 489 3064 Aus
514 3026 693 3063 Joharmes
717 3023 752 3070 3,
776 3021 810 3059 8.
