2216 3432
454 193 491 232 G.
519 193 716 235 Malatesta,
743 192 880 238 Gregor
903 192 988 230 XII.
1014 192 1088 227 und
1114 191 1291 237 Benedikt
1316 192 1416 229 XIII.
1445 193 1693 229 1410—1413.
1719 193 1780 227 Nr.
1808 194 1840 230 6.
1983 183 2039 225 37

254 302 434 355 raudus,
457 315 528 355 ne,
561 301 678 344 sicut
700 300 959 355 frequenter
990 300 1169 354 assolet,
1202 301 1506 356 inchoatuma)
1543 299 1836 343 indeliberato
1868 300 2039 355 impetu

251 373 424 416 inherci
466 372 671 415 vecordia
718 385 820 414 cum
852 371 1038 414 infamia
1071 372 1312 414 deseratur.
1389 371 1606 414 Persistat
1643 371 1778 425 igitur
1810 371 2037 425 prenomi-

253 446 384 488 natus
418 443 622 487 dominus
655 443 842 486 Carolus
880 443 928 484 in
967 444 1120 484 sancto
1158 442 1389 497 proposito
1432 443 1475 485 et
1517 443 1639 497 pium
1674 444 1936 495 conceptum
1971 443 2040 484 in-

251 515 436 558 flexibili
477 513 817 570 perseverancia
868 515 1185 569 prosequatur,
1229 513 1333 568 quia
1371 527 1462 556 non
1510 514 1699 556 deerunt
1754 513 1916 567 garroli
1962 514 2038 556 de-

211 585 466 629 5tractores
511 599 593 627 nec
631 585 823 627 malivoli
862 586 1136 636 turbatores,
1178 585 1392 626 adversus
1432 597 1621 639 quorum
1667 585 1862 638 impetus
1911 585 2039 627 decet

250 657 368 700 viros
401 656 644 700 katholicos
678 656 898 698 iusticiam
933 655 1118 698 ecclesio
1152 658 1332 697 strenue
1366 656 1619 699 defendare.
1870 648 1874 650 “

370 739 467 795 [12]
516 740 580 782 De
603 741 698 782 loco
733 753 835 782 vero
869 753 948 781 seu
977 740 1085 781 locis
1109 739 1421 782 convencionis
1445 741 1512 782 est
1535 739 1722 793 provida
1755 738 2038 781 solicitudine

249 811 560 862 ordinandum,
594 811 711 865 quod
744 811 998 853 omnimodo
1032 811 1240 853 libertate
1275 812 1318 852 et
1348 812 1481 864 plena
1504 810 1743 853 securitate
1777 812 2037 864 gauderent.

250 882 365 924 Nam
397 895 528 937 papa,
562 883 599 924 si
630 883 738 925 talia
765 882 851 924 sibi
876 882 1139 930 offerantur,
1174 883 1425 936 acceptabit
1457 896 1558 924 cum
1591 883 1765 936 gaudio,
1799 882 1915 924 sicut
1948 881 2036 935 illa,

182 954 236 996 10
250 966 336 1008 que
369 953 465 1008 ipse
497 953 639 1002 offert,
654 953 684 1006 1)
719 955 824 995 sunt
856 954 1011 1008 procul
1046 954 1182 996 dubio
1216 954 1501 1007 acceptanda,
1535 954 1656 996 velut
1689 954 1744 995 ab
1778 954 1898 996 omni
1933 967 2037 995 con-

247 1024 384 1067 traria
416 1025 670 1079 suspicione
703 1015 886 1067 remota.
950 1025 1079 1066 Unde
1112 1025 1207 1078 ipse
1233 1024 1437 1066 dominus
1470 1027 1622 1067 noster
1654 1025 1801 1067 omnia
1832 1025 2036 1079 predicta

247 1097 534 1139 considerans
585 1098 627 1138 et
669 1097 722 1138 de
770 1095 1006 1147 fidelitate,
1057 1096 1318 1147 devocione,
1368 1096 1651 1138 distinctione
1690 1098 1733 1138 et
1775 1096 2036 1138 constancia

245 1168 407 1222 prefati
441 1167 662 1222 magnifici
692 1168 776 1210 viri
815 1168 982 1210 domini
1017 1167 1163 1210 Caroli
1194 1167 1404 1210 fiduciam
1437 1181 1594 1222 gerens
1623 1169 1741 1210 viam
1773 1167 2036 1220 breviorem,

249 1239 472 1282 utiliorem
514 1252 564 1282 ac
604 1239 873 1282 securiorem
913 1241 957 1281 et
995 1239 1139 1293 ipsius
1181 1239 1348 1281 domini
1382 1239 1529 1281 Caroli
1573 1239 1819 1282 intencioni
1863 1239 2037 1281 confor-

177 1311 230 1352 15
246 1310 434 1353 miorem
467 1313 769 1365 representet,
803 1310 951 1361 offert,
989 1310 1166 1352 intimat
1203 1312 1246 1352 et
1279 1313 1503 1365 acceptat,
1546 1311 1787 1352 exhortans
1821 1325 1925 1353 eum
1956 1324 2037 1366 per

246 1381 417 1424 viscera
450 1381 751 1424 misericordie
790 1383 927 1424 Jhesu
960 1382 1142 1433 Christi,
1176 1383 1298 1436 quod
1332 1384 1545 1436 procuret
1579 1395 1680 1424 cum
1714 1382 1831 1425 dicto
1865 1383 2036 1437 Angelo

247 1453 452 1496 Corrario
484 1454 604 1507 apud
637 1445 740 1495 suos
774 1453 1012 1507 Gregorius
1051 1454 1302 1511 nominato,
1337 1454 1457 1509 quod
1491 1453 1733 1496 efficaciter
1766 1455 1867 1509 plus
1902 1467 2037 1508 quam

244 1524 485 1567 verbaliter
517 1525 564 1566 in
596 1525 796 1578 presenti
827 1525 1013 1578 negocio
1047 1526 1325 1579 procedatur.

364 1608 460 1663 [13]
525 1608 614 1650 Sed
646 1621 727 1649 nec
758 1609 997 1662 propterea
1037 1609 1227 1651 intendit
1258 1623 1376 1663 papa
1408 1606 1656 1663 predictab)
1688 1622 1713 1650 a
1747 1609 2032 1652 desiderabili

174 1681 230 1722 ΞΟ
246 1679 289 1720 et
329 1681 482 1721 sancta
522 1678 687 1722 unione
731 1679 916 1721 ecclesie
956 1679 1180 1734 principes
1224 1682 1267 1722 et
1315 1681 1424 1721 alias
1468 1693 1683 1734 personas
1726 1680 1927 1722 illustres
1961 1695 2034 1722 ex-

247 1750 437 1793 cludere.
487 1751 650 1792 Verum
686 1751 905 1804 agendum
939 1752 1005 1792 est
1038 1752 1185 1803 caute,
1226 1752 1358 1804 quod,
1393 1751 1500 1793 dum
1531 1752 1609 1805 illi,
1643 1751 1721 1806 qui
1753 1755 1963 1806 possunt,
1997 1752 2035 1794 si

244 1822 421 1874 volunt,
463 1822 511 1863 ut
549 1824 778 1875 asserunt,
823 1823 877 1864 de
917 1822 1243 1877 principalibus
1282 1823 1460 1876 punctis
1498 1823 1588 1865 iam
1636 1823 2033 1877 concordaverunt,

243 1895 350 1934 tunc
398 1906 488 1935 non
537 1894 593 1935 ad
641 1894 961 1935 altercaciones
1013 1894 1239 1948 augendas
1283 1893 1504 1936 discordie
1547 1896 1614 1936 set
1661 1896 1718 1937 ad
1766 1908 2035 1937 consensum

244 1964 447 2006 ordinate
470 1964 540 2006 vel
564 1964 779 2018 disposite
813 1965 992 2007 unionis
1024 1961 1251 2019 principes
1285 1965 1573 2020 illustresque
1597 1965 1695 2016 viri,
1730 1968 1799 2007 set
1822 1967 1867 2008 et
1900 1966 2037 2008 ceteri

173 2038 227 2079 25
244 2035 436 2077 cultores
455 2036 723 2092 christianic)
741 2035 844 2078 fidei
868 2049 968 2078 cum
991 2036 1160 2091 ingenti
1184 2036 1341 2090 gaudio
1361 2037 1659 2091 requirantur,
1680 2039 1800 2091 quod
1829 2037 2033 2091 dignetur

243 2106 370 2148 nobis
404 2108 646 2149 concedere
681 2108 965 2163 omnipotens
998 2108 1118 2150 Deus
1151 2108 1325 2151 meritis
1358 2109 1544 2151 ecclesie
1577 2122 1655 2151 sue
1690 2112 1842 2151 sancte
1887 2122 2031 2151 amen.

1547 2244 1549 2247 Ι
1569 2193 1617 2234 Ρ.
1652 2192 1842 2235 Soriani.
1853 2191 1891 2248 2)

243 2355 287 2400 6.
338 2355 531 2399 Antwort
562 2356 808 2400 Malatestas
848 2359 934 2413 auf
956 2359 1021 2400 die
1054 2360 1115 2414 θη
1147 2357 1225 2402 Nr.
1258 2359 1288 2399 5
1318 2358 1585 2414 yebraehten)
1628 2357 1879 2415 Vorsclzld'qe
1904 2359 2034 2401 Bene-

806 2429 919 2470 dilcts
951 2428 1084 2470 XIII.
1131 2429 1299 2486 (Herbst
1332 2428 1478 2486 1410.)

172 2525 229 2567 30
314 2522 346 2556 Β
372 2534 435 2557 aas
476 2522 577 2567 ern,
604 2523 694 2570 Hof-
720 2525 792 2558 und
816 2523 1136 2559 Staatsbibliothek
1167 2524 1249 2559 Cod.
1276 2524 1372 2559 5096
1388 2525 1458 2571 fol.
1487 2524 1639 2576 1320'3.

363 2631 414 2673 In
459 2630 638 2674 nomine
687 2632 967 2675 sanctissime
1017 2635 1060 2675 et
1105 2633 1334 2676 individue
1381 2633 1591 2675 trinitatis
1634 2635 1679 2676 et
1719 2632 2033 2688 gloriosissime

243 2701 467 2755 genitricis
501 2702 668 2745 domini
701 2703 840 2746 nostri
865 2704 1001 2747 Jhesu
1026 2704 1192 2746 Christi
1215 2704 1352 2747 Marie
1385 2717 1562 2759 semper
1593 2704 1776 2759 virginis
1810 2706 1855 2747 et
1886 2705 2032 2747 tocius

244 2772 366 2815 curie
399 2773 575 2816 celestis
607 2787 752 2816 amen.

361 2963 391 2996 a)
411 2962 623 2991 inchoactum
641 2965 679 2991 Β.
752 2964 786 2999 b)
812 2964 902 2993 Wohl
920 2966 1000 2993 statt
1019 2966 1159 3001 propter
1177 2965 1269 3001 pred.
1288 2965 1348 2994 int.
1366 2966 1474 3001 papa?
1549 2966 1578 3000 c)
1598 2966 1638 2994 So
1660 2967 1697 2993 Β.

172 3046 227 3090 35
366 3034 395 3080 ¹)
432 3034 498 3081 1792.
525 3035 691 3070 hier-iiber
718 3036 808 3071 oben
834 3036 873 3071 S.
900 3037 957 3074 10.

365 3093 394 3140 2)
420 3093 533 3130 Einer
564 3095 628 3129 der
659 3107 714 3132 um
744 3095 840 3131 diese
872 3096 956 3131 Zee't
987 3097 1042 3146 oft
1069 3102 1270 3144 qenannten
1295 3097 1465 3135 Beamten
1503 3097 1568 3132 der
1592 3096 1833 3147 {papstlt‘chen
1864 3095 2028 3131 Kanzlei.
