2216 3432
0 138 18 225 f
317 160 358 200 F.
375 159 547 210 Anhangz
573 157 790 209 Sigismund,
809 157 945 210 Gregor
962 159 1044 201 XII.
1063 159 1136 199 und
1154 159 1299 199 Johann
1314 159 1453 202 XXIII.
1482 161 1727 202 1410—1413.
1754 162 1815 200 Nr.
1833 166 1890 202 22.
1945 153 2000 199 97

334 272 382 315 Si
414 272 566 315 autem
597 284 773 314 camera
804 271 1050 325 apostolica
1078 271 1248 326 aliquid
1269 272 1436 315 habere
1460 272 1594 315 debet
1616 286 1642 315 a
1664 272 1796 316 dictis
1817 274 2003 329 prelatis

214 345 257 386 et
289 343 477 397 clericis,
512 344 748 386 contentus
781 345 850 385 est
883 343 1027 385 dictus
1051 343 1257 386 dominus
1280 356 1371 397 rex,
1404 344 1524 398 quod
1546 344 1753 387 dominus
1781 357 1900 400 papa
1919 346 2004 389 hoc

213 415 359 469 exigat
391 429 415 458 a
449 413 581 458 dictis
614 413 786 457 clericis
830 415 875 455 et
906 413 1105 468 prelatiS,
1144 414 1280 468 prout
1310 414 1458 468 placet
1489 414 1578 469 ipsi
1616 415 1795 458 domino
1832 417 2004 474 pape.¹)

332 486 389 529 Et
421 484 542 529 accio
574 485 657 528 che
688 485 767 540 piu
799 484 1031 527 volentieri
1073 484 1144 528 voi
1176 484 1401 528 induciate
1446 485 1478 528 il
1510 488 1638 530 santo
1669 487 1809 542 padre
1841 502 1868 531 a
1899 502 2004 532 con-

171 554 370 599 5cedere
410 557 450 600 le
491 557 632 610 gratie
676 556 948 611 sopradette,
994 557 1085 599 fate
1124 556 1168 598 di
1206 555 1514 610 chiarificar10‚
1557 557 1637 600 che
1675 558 1885 601 avendosi
1924 573 2006 614 per

213 629 287 672 noi
322 629 482 671 l'ochio
514 630 559 670 et
591 627 814 682 singulare
847 627 1078 682 diligentia
1120 628 1207 670 alla
1239 627 1390 670 utitita
1429 629 1475 670 et
1506 628 1675 672 honore
1709 630 1825 672 della
1857 630 2006 674 chiesa

213 703 257 743 et
291 700 408 742 della
448 712 530 742 sua
568 698 773 752 sanctita,
813 698 887 740 noi
921 699 1128 741 abbiamo
1161 698 1339 741 indocto
1371 712 1540 741 messer
1574 699 1785 754 Philippo
1817 702 2005 756 prefato,

212 772 294 813 che
328 770 669 813 consentendosi
702 783 783 825 per
816 760 857 812 la
889 782 971 812 sua
1002 769 1280 812 beatitudine
1309 770 1349 812 10
1372 769 1511 824 gratie
1536 770 1581 812 di
1604 784 1738 825 sopra
1760 771 2003 825 nominate,

215 842 296 884 che
328 841 373 883 in
406 841 635 896 Ungh'eria
667 842 704 883 si
736 841 886 883 mandi
925 855 1005 896 per
1037 841 1080 883 13
1112 854 1194 883 8113
1225 841 1418 883 sanctita
1450 855 1539 883 uno
1567 842 1711 896 legato
1735 843 1789 884 de
1813 843 2009 900 latere,2)

146 912 256 955 1031
298 913 429 967 quale
474 913 545 955 nel
590 925 724 966 regno
765 913 971 966 predetto
1014 926 1116 955 sara
1155 913 1402 967 proveduto
1440 927 1520 968 per
1558 914 1600 956 la
1638 916 1808 957 maesta
1841 915 1910 957 del
1944 930 2005 970 re,

214 985 282 1026 ch'
315 984 398 1038 egli
431 997 505 1026 ara
539 985 595 1026 da
625 986 779 1039 potere
811 984 960 1026 vivere
991 984 1375 1026 honoratamente.

334 1056 544 1099 Anchora
587 1056 727 1098 siamo
767 1055 915 1098 rimasi
957 1055 1189 1108 daccordo,
1231 1056 1312 1097 che
1344 1056 1416 1097 nel
1451 1056 1572 1099 detto
1606 1070 1740 1110 regno
1772 1058 1886 1100 vada
1917 1072 2007 1100 uno

215 1128 452 1170 collectore
485 1140 510 1169 a
543 1127 816 1169 rischuotere
845 1127 859 1168 i
889 1126 1028 1169 debiti
1061 1127 1177 1169 della
1209 1139 1386 1168 camera
1413 1128 1658 1181 apostolica
1691 1142 1714 1169 e
1739 1129 1779 1170 le
1802 1129 2007 1183 predette

213 1212 315 1240 cose
354 1199 655 1241 adomandera
699 1211 868 1240 messer
908 1198 1119 1252 Philippo
1169 1198 1342 1252 prefato
1383 1199 1469 1240 alla
1511 1212 1592 1241 sua
1635 1199 1826 1242 sanctita
1874 1200 2006 1243 rima-

146 1268 197 1310 15
214 1270 401 1313 nendosi
435 1270 627 1312 dacordo
661 1270 916 1312 d’obtenere
949 1270 989 1311 le
1022 1269 1160 1323 gratie
1192 1270 1409 1323 predette.

334 1341 445 1384 Oltr'
479 1341 600 1383 accio
632 1340 863 1395 vogliamo,
897 1341 977 1382 che
1009 1354 1034 1382 a
1066 1341 1168 1394 quel
1199 1343 1365 1394 tempo,
1399 1341 1481 1382 che
1514 1342 1583 1384 voi
1617 1354 1751 1395 parra
1779 1343 1857 1397 piu
1881 1344 2004 1396 utile,

214 1412 284 1455 voi
322 1412 584 1455 consol-tiate
625 1413 749 1454 tanto
792 1411 1134 1464 efficacemente,
1180 1414 1348 1466 quanto
1389 1412 1466 1467 piu
1515 1413 1558 1455 vi
1597 1413 1664 1455 sia
1704 1414 1932 1468 possibile,
1975 1415 2007 1457 il

213 1485 368 1526 sancto
411 1485 550 1538 padre
589 1496 672 1525 con
714 1484 860 1537 quelle
900 1483 1083 1535 ragioni,
1125 1484 1205 1524 che
1247 1496 1357 1525 sono
1394 1483 1439 1524 in
1484 1485 1647 1537 pronto
1679 1486 1722 1526 et
1754 1485 1836 1527 che
1868 1485 2008 1527 siamo

214 1555 325 1597 certi
366 1554 643 1609 cognoscersi
680 1568 760 1609 per
793 1555 833 1596 le
869 1555 1016 1596 vostre
1049 1554 1285 1608 prudentie
1318 1568 1344 1595 a
1375 1568 1639 1597 conservare
1672 1558 1715 1597 et
1747 1558 2007 1599 mantenere

143 1625 201 1666 ΞΟ
214 1638 294 1679 per
326 1627 369 1668 la
400 1625 550 1668 chiesa
581 1626 623 1667 la
655 1627 759 1667 citta
795 1625 838 1667 di
871 1626 1012 1667 Trulli
1046 1638 1130 1666 con
1162 1625 1425 1679 mostrargli,
1463 1626 1559 1677 che,
1592 1639 1640 1667 se
1673 1627 1715 1668 la
1747 1627 1868 1669 detta
1899 1629 2006 1670 citta

216 1696 345 1739 viene
377 1697 423 1738 in
456 1697 566 1738 altre
599 1697 733 1750 mani,
766 1697 809 1738 la
840 1696 991 1738 chiesa
1022 1696 1067 1737 in
1101 1697 1216 1738 tutto
1238 1695 1368 1738 viene
1391 1710 1417 1738 3
1438 1697 1626 1751 perdere
1649 1710 1729 1738 suo
1752 1699 1868 1739 stato
1891 1699 2008 1741 nella

214 1766 444 1822 provincia
472 1767 516 1808 di
539 1767 782 1821 Romagna,
807 1768 851 1808 et
875 1767 919 1808 111
944 1769 1112 1822 quanto
1135 1767 1331 1821 pericolo
1355 1767 1526 1817 rimane
1549 1768 1591 1809 la
1614 1768 1719 1809 citta
1742 1769 1785 1809 di
1809 1768 2007 1822 Bologna

215 1841 260 1880 et
286 1840 456 1892 quanto
487 1838 828 1880 inconveniente
861 1851 950 1892 puo
983 1839 1077 1880 solo
1111 1839 1153 1880 di
1188 1840 1350 1891 questo
1384 1839 1601 1881 resultare
1635 1839 1721 1882 allo
1754 1839 2005 1882 universale

338 2042 364 2084 ¹)
391 2040 597 2085 Siyismund
620 2039 748 2073 erlzielt
770 2039 826 2073 die
854 2038 1042 2072 erbetenen
1069 2038 1215 2072 Gnaden
1239 2050 1318 2071 zum
1342 2043 1450 2083 yuten
1476 2038 1578 2072 leeic
1602 2037 1779 2084 bewillessyt.
1832 2038 2009 2074 Vielleiclzt

145 2098 200 2139 25
216 2100 324 2145 lciiuyc
352 2100 408 2134 die
438 2099 738 2145 Nae—kyriebiyleeit
767 2099 827 2133 cles
860 2098 1012 2144 Papo-tes
1050 2097 1255 2143 Siyismund
1282 2096 1484 2143 yeyem'lber
1514 2098 1577 2131 ‘mit
1609 2098 1676 2132 den
1713 2098 1915 2133 Geriiehten
1944 2111 2006 2133 zu-

217 2171 379 2202 sammen,
404 2159 516 2193 denen
542 2171 582 2193 er
607 2159 644 2192 in
669 2158 961 2193 rtacltsteleemlem
989 2156 1186 2191 Schreiben
1211 2169 1288 2191 vom
1316 2157 1371 2190 13.
1393 2156 1592 2191 December
1619 2157 1709 2191 1411
1738 2159 2008 2203 entyeyentritt:

216 2219 399 2253 Johannes
418 2222 482 2252 etc.
511 2219 563 2252 Ad
592 2222 798 2263 perpetuam
827 2219 875 2252 rei
903 2218 1115 2251 memoriam.
1158 2217 1254 2251 inter
1279 2217 1473 2261 apostolice
1502 2216 1754 2250 sollicitudinis
1773 2218 2006 2262 vigilantiam.

264 2304 271 2312 .
307 2306 316 2314 .
353 2278 445 2313 Sane
483 2279 527 2312 ad
566 2282 726 2312 nostrum
768 2288 882 2322 nuper
922 2277 1180 2321 fidedignorum
1224 2276 1352 2310 relacio
1391 2276 1558 2320 perduxit
1596 2276 1775 2318 auditum,
1813 2277 2005 2311 nonnullos

217 2349 280 2382 per
305 2338 462 2372 diversas
497 2338 592 2371 orbis
620 2340 739 2382 partes
766 2337 962 2371 asseruisse
990 2336 1214 2377 mendaciter,
1246 2335 1457 2379 quibusdam
1484 2335 1628 2380 regibus
1654 2338 1760 2380 atque
1786 2336 2007 2380 principibus

148 2395 204 2436 30
217 2397 436 2431 secularibus
462 2397 664 2431 conferendi
691 2399 784 2430 certa
811 2395 991 2437 beneficia,
1018 2396 1222 2440 dignitates,
1260 2398 1484 2439 personatus,
1517 2394 1859 2436 administraciones,
1892 2395 2008 2429 officia

218 2456 456 2491 ecclesiastica
493 2460 562 2490 tam
590 2456 765 2490 secularia
802 2467 905 2500 quam
943 2455 1118 2500 regularia
1155 2465 1219 2488 seu
1254 2453 1298 2488 ad
1333 2454 1396 2487 illa
1434 2454 1628 2488 obtinenda
1653 2464 1823 2498 personas
1850 2454 2007 2498 ydoneas

217 2516 425 2550 nominandi
452 2527 515 2560 per
539 2526 604 2549 nos
631 2515 741 2549 fuisse
767 2525 969 2549 concessam
997 2515 1088 2548 circa
1106 2513 1193 2548 talia
1210 2513 1426 2548 facultatem.
1459 2513 1532 2547 Nos
1551 2513 1670 2557 itaque
1689 2513 1731 2546 ad
1751 2513 2006 2547 obstruendum

221 2585 283 2609 ora
309 2575 579 2620 obloquencium
608 2577 643 2608 et
667 2586 712 2608 110
738 2574 916 2608 mendacis
943 2574 1032 2608 fame
1058 2573 1255 2618 loquacitas
1283 2575 1424 2617 serpeat
1448 2574 1488 2606 ut
1505 2583 1630 2606 cancer
1647 2573 1683 2605 in
1702 2573 2007 2616 perturbacionem

220 2636 255 2668 et
279 2634 543 2668 enervacionem
571 2634 828 2668 iurisdictionis
862 2629 1076 2674 huiusmodi,
1110 2632 1267 2666 volentes
1302 2633 1339 2665 in
1366 2632 1548 2676 premissis
1580 2631 1623 2664 de
1649 2634 1824 2675 oportuno
1855 2631 2008 2665 remedio

150 2695 204 2738 35
220 2694 403 2739 providere
446 2697 568 2728 tenore
612 2694 833 2739 presencium
880 2693 1099 2727 declaramus
1145 2695 1179 2726 et
1216 2692 1261 2725 ad
1307 2691 1559 2727 confutandum
1603 2691 1841 2724 assercionum
1884 2690 2007 2723 talium

221 2755 441 2795 attestamur,
466 2753 575 2787 nullis
603 2753 745 2798 regibus
772 2755 834 2787 aut
859 2753 1081 2797 principibus
1107 2751 1160 2785 vel
1188 2751 1268 2785 aliis
1294 2751 1456 2795 personis
1480 2750 1711 2791 secularibus,
1738 2750 1860 2794 quavis
1879 2749 2009 2793 preful-

220 2814 329 2858 geant
353 2812 538 2857 dignitate,
559 2812 685 2857 aliqua
702 2811 884 2854 beneficia,
911 2811 1039 2853 officia,
1066 2811 1270 2855 dignitates,
1297 2811 1522 2854 personatus,
1548 2809 1876 2842 administraciones
1902 2808 2010 2842 eccle-

221 2871 366 2906 siastica
397 2871 570 2906 secularia
601 2871 655 2905 vel
690 2872 867 2917 regularia
897 2871 1101 2905 conferendi
1133 2881 1196 2904 seu
1228 2870 1272 2903 ad
1304 2869 1386 2903 illos
1419 2879 1590 2913 personas
1617 2868 1775 2913 ydoneas
1801 2867 2007 2901 nominandi

221 2930 391 2965 hactenus
424 2931 642 2965 concessisse
681 2941 746 2976 per
776 2941 841 2965 nos
879 2931 932 2964 vel
967 2930 1056 2964 alios
1094 2929 1249 2973 aliquam
1287 2928 1490 2962 facultatem
1525 2956 1533 2963 .
1567 2955 1575 2963 .
1607 2955 1615 2963 .
1648 2927 1775 2960 Datum
1809 2927 1917 2960 Rome
1952 2922 2008 2970 ap‘.

149 3002 209 3044 40
222 2999 250 3024 s.
269 2990 411 3024 Petrum
438 2989 519 3024 idus
550 2990 752 3024 Decembris
779 3000 872 3024 anno
899 2989 1067 3025 secundo.
1102 2987 1178 3022 Aus
1198 2986 1332 3032 Reybd.
1350 2986 1422 3042 343
1437 2986 1509 3031 sol.
1529 2985 1598 3020 190
1623 2986 1684 3020 cles
1708 2985 1820 3019 Vatik.
1840 2984 2007 3018 Arabius.

342 3049 370 3093 ²)
395 3048 550 3094 Bisehof
570 3048 718 3083 Branda
743 3060 811 3084 von
836 3048 1030 3091 Piae-enzer,
1055 3048 1121 3081 der
1146 3048 1289 3093 spiitere
1316 3045 1503 3079 Kardinal.

291 3117 436 3154 Finke‚
453 3119 539 3147 Acta
556 3117 691 3148 concilii
710 3096 989 3147 constanciensis.
1006 3117 1032 3145 1.
1722 3115 1746 3158 7
