2216 3432
0 442 6 452 κ
0 392 8 423 vr<
0 357 9 371 νς
0 283 14 349 *vqs-v

0 539 17 626 *ss-‚s

400 144 458 180 o„
479 143 544 178 Die
569 143 811 178 franzfisische
841 144 1117 181 Gesandtschaft
1142 158 1220 181 zum
1247 148 1443 182 remischen
1467 149 1594 184 Konzil
1634 151 1693 185 Nr.
1720 152 1776 187 35.
1904 143 1984 185 155

211 252 407 295 verbum.
457 249 826 293 Christianissimi
849 252 1121 294 Francorum
1145 254 1260 308 regis
1283 268 1307 295 e
1330 255 1624 310 septingentis
1647 257 1782 300 ferme
1806 260 1987 310 miliari-¹

208 324 294 367 bus
332 322 556 378 profectos
595 322 921 364 ambaxiatores
963 324 1018 366 ad
1050 324 1299 373 visendum,
1339 326 1621 376 visitandum,
1663 330 1986 383 gratulandum,

210 394 594 458 congaudendum,
635 396 681 436 et
720 394 926 448 denique,
971 396 1021 436 ut
1062 395 1239 438 infinita
1279 397 1410 439 unico
1452 398 1664 451 stringam
1695 401 1845 447 verbo,
1883 403 1988 443 obe-

211 466 425 509 dientiam
473 465 751 508 reddendum
801 466 1028 508 sanctitati
1076 468 1221 508 vestre
1267 468 1362 510 loco
1407 469 1545 522 regis,
1593 469 1742 523 gratiis
1784 472 1989 524 expetitis

169 538 359 580 5sinere
403 550 563 580 vacuos
604 536 742 587 abire,
789 536 827 578 si
867 551 957 579 non
998 537 1169 579 dicatur
1211 539 1490 591 contumelia,
1539 540 1755 582 dedecens
1797 543 1875 594 est,
1922 542 1989 584 his

209 609 412 658 maxime,
446 621 533 662 que
568 608 658 662 regi
692 607 894 660 finitimo,
935 610 1011 650 aut
1043 622 1139 650 sese
1171 623 1252 663 pro
1288 623 1387 663 rege
1420 611 1603 663 gerenti,
1623 611 1656 666 ¹)
1699 625 1839 664 nuper
1871 613 1989 655 omni

211 680 396 723 ecclesie
443 679 762 731 inimicissimo,
811 693 908 731 esse
958 693 1171 722 concessa
1218 694 1307 721 non
1349 681 1617 734 ignoramus,
1667 683 1900 731 annotatis¹
1949 686 1991 725 et

211 752 344 807 quod,
390 752 436 793 ut
476 764 630 793 verum
674 752 907 804 fateamur,
949 752 1152 793 videmus
1205 751 1481 794 sanctitatem
1530 755 1720 794 vestram
1765 754 1991 796 occasione

210 823 302 866 sive
341 836 476 866 causa
517 822 824 876 dispositionis
864 822 1183 864 beneficiorum
1224 823 1397 876 Anglie,
1437 823 1672 865 Almannie
1706 824 1992 866 Germanieve

143 896 196 938 10
211 897 288 938 aut
319 895 555 937 Hunorum
599 907 678 936 seu
721 894 906 936 alterius
945 893 1138 946 regionis
1185 895 1331 935 vestre
1375 894 1624 936 obedientie
1657 895 1907 948 pariterque
1941 896 1992 936 de

212 966 453 1009 Galliarum
491 965 656 1007 finibus
699 966 959 1007 nullatenus
1004 965 1288 1019 impeditam,
1343 966 1511 1018 Itaque,
1554 967 1602 1007 ut
1643 965 1775 1007 finem
1823 966 1993 1017 faciam,

211 1038 436 1092 loquendo
469 1037 563 1079 sine
596 1037 860 1078 circuitione
893 1036 1086 1078 fidenter
1121 1039 1255 1089 atque
1286 1037 1430 1089 plane,
1464 1036 1721 1090 priusquam
1747 1037 1836 1090 regi
1858 1038 1993 1078 Fran-

211 1123 363 1152 corum
395 1122 521 1150 suam
555 1109 812 1162 requestam
846 1109 999 1149 vestra
1031 1108 1273 1161 prudentia
1305 1120 1588 1160 nequaquam
1622 1109 1853 1159 annueret,
1892 1122 1993 1149 suos

212 1182 399 1224 nuncios
433 1193 522 1221 non
555 1181 789 1222 contentos
826 1179 1085 1221 recedentes
1120 1178 1355 1228 deberetis,
1394 1178 1429 1219 si
1463 1178 1747 1231 possibilitati
1779 1179 1993 1229 subesset,

145 1254 237 1297 15a
269 1253 398 1306 porta
437 1251 560 1293 urbis
604 1250 871 1293 Parisiensis
926 1264 948 1292 e
982 1250 1166 1303 vestigio
1210 1250 1421 1291 mandare
1462 1250 1668 1301 revocari,
1713 1250 1831 1291 haud
1864 1250 1995 1291 dubie

213 1324 433 1375 tenentes,
480 1323 609 1377 pater
657 1324 823 1372 sancte,
873 1335 927 1363 ne
972 1322 1018 1363 in
1063 1321 1261 1362 futurum
1310 1335 1334 1362 a
1377 1320 1504 1362 nobis
1551 1334 1638 1361 non
1688 1320 1853 1362 dictum
1900 1333 1995 1361 esse

214 1395 400 1445 dicatur,
436 1394 609 1436 nullum
642 1408 695 1435 ex
728 1395 831 1448 post
865 1395 1066 1434 nostrum
1101 1393 1251 1434 taliter
1284 1392 1483 1433 habitum
1514 1405 1593 1445 pro
1619 1391 1995 1433 nominationibus

214 1469 292 1509 aut
325 1465 479 1520 gratiis
512 1465 733 1506 similibus
766 1464 1034 1516 obtinendis,
1071 1464 1243 1505 etiamsi
1276 1463 1593 1504 exhiberentur
1617 1463 1671 1504 ad
1694 1464 1806 1504 hanc
1829 1462 1995 1503 curiam

213 1540 290 1581 aut
321 1537 458 1580 aliurn
489 1538 690 1591 quemvis
722 1536 815 1579 fore
847 1537 1035 1591 posthac
1069 1536 1329 1577 rediturum.

143 1696 201 1737 ΞΟ
214 1678 289 1736 35..
321 1692 375 1734 A.
406 1691 513 1733 Dem
537 1691 684 1748 Papste
705 1691 873 1733 ξῙοῖιαηη
892 1689 1073 1731 XXIII.
1214 1689 1289 1734 35,
1341 1690 1390 1730 Β.
1426 1689 1615 1729 Antwort.
1645 1688 1714 1729 des
1745 1686 1929 1742 Papstes.

215 1778 291 1805 zur
312 1762 406 1817 Zeit
426 1763 501 1806 der
514 1763 752 1805 ‘romiselcen
778 1762 940 1819 Synode
962 1762 1076 1804 iiber-

215 1835 366 1877 reichte
385 1833 800 1890 Reformvorscklctye
817 1834 891 1875 der
902 1833 1078 1874 Parisoi·

323 1904 364 1947 U
363 1907 590 1948 niversitd‘t.
658 1905 794 1960 (1412
824 1904 975 1960 Ende.)

286 2000 362 2036 Αιι8
393 2000 476 2036 Cod.
496 1998 638 2035 Lat.'97
654 2001 725 2046 fol.
754 2000 827 2035 15b
855 2012 882 2034 3.
909 2000 973 2034 cler
993 1999 1209 2034 Milnchoener
1229 1997 1316 2042 IIof-
1335 1996 1405 2030 und
1423 1993 1740 2029 St(1‹1t‚‹he?l›li‹›tleak
1757 1993 1826 2037 (B).
1868 1992 1994 2026 Druck

145 2071 200 2112 25
215 2073 283 2096 von
309 2060 529 2106 Simonsfeld
551 2061 587 2095 in
613 2060 897 2106 Ablzancllmzyen
922 2061 986 2094 dar
1012 2059 1092 2105 Kyt.
1121 2058 1219 2104 bayr.
1250 2056 1437 2090 sik-ademi&
1464 2054 1530 2088 III.
1561 2053 1610 2088 Gt.
1638 2052 1715 2087 XX,
1742 2052 1806 2086 Bcl.
1836 2051 1874 2086 S.
1901 2051 1946 2085 47
1952 2051 1996 2097 ff

276 2146 500 2188 Secuntur
541 2146 708 2200 puncta
755 2145 802 2187 in
844 2144 1078 2199 presencia
1209 2140 1460 2195 Responsio
1479 2152 1594 2193 pape
1612 2137 1824 2180 Johannis
1842 2135 1996 2177 XXIII.

218 2216 528 2270 sanctissimia)
564 2216 733 2259 domini
766 2216 907 2259 nostri
941 2229 1076 2269 expo-

217 2288 305 2331 sita
357 2302 410 2330 ex
459 2289 587 2343 parte
637 2288 942 2330 universitatis
994 2288 1077 2329 Pa-

219 2359 435 2411 risiensis‚
497 2359 544 2403 in
598 2360 763 2414 quibus
816 2372 896 2413 per
952 2372 1078 2400 suam

148 2441 205 2483 30
219 2432 503 2474 sanctitatem
535 2432 817 2486 supplicatur
851 2433 898 2473 et
929 2429 1078 2472 humi-

221 2502 323 2546 liter
355 2503 581 2558 provideri
612 2503 796 2557 petitur.

338 2633 367 2667 a)
389 2640 414 2661 s.
432 2633 503 2661 hier
521 2633 605 2662 wohl
625 2632 869 2666 sanctissimus,
887 2631 948 2667 vyl.
966 2631 1024 2659 Nr.
1044 2633 1084 2665 4;
1103 2630 1243 2663 dayeqen
1262 2627 1297 2654 in
1316 2626 1372 2653 Nr.
1391 2628 1408 2651 2
1427 2624 1469 2651 ist
1490 2630 1514 2650 s.
1534 2622 1592 2648 mit
1614 2619 1775 2647 sanctitas
1796 2616 1997 2651 aufzulo'sen,

220 2681 264 2709 da
284 2680 411 2709 domini
430 2681 539 2709 nostri
557 2681 651 2716 folyt.
691 2681 776 2709 oder
794 2681 837 2708 ist
856 2687 897 2707 zu
914 2678 1101 2714 korriyiren
1122 2674 1368 2704 sanctissimum
1389 2670 1556 2699 dominum
1576 2666 1746 2696 nostrum?

341 2741 364 2785 ¹)
400 2740 448 2775 D.
480 2740 512 2775 h.
550 2739 667 2787 Kb'niy
698 2739 889 2774 Ladislaus
927 2750 995 2773 von
1020 2736 1170 2782 Neapel,
1208 2735 1271 2769 der
1307 2743 1377 2767 von
1413 2728 1635 2765 Frankreiclt
1673 2726 1769 2760 nicht
1804 2723 2000 2758 anerkannt

150 2808 205 2852 35
219 2800 352 2844 warde,
389 2800 436 2834 da
471 2799 616 2846 Ludwiy
647 2811 716 2834 von
746 2799 866 2845 Anjou
896 2798 979 2832 dort
1014 2797 1067 2831 als
1101 2807 1161 2830 rex
1193 2794 1332 2829 Siciliae
1362 2791 1446 2837 yalt.
1500 2788 1547 2822 lm
1577 2787 1662 2821 Juni
1692 2783 1784 2819 1412
1814 2784 1907 2817 hatte
1938 2781 1997 2815 Jo-

221 2858 314 2893 kann
330 2858 468 2894 XXIII.
492 2859 782 2905 nothyedrunyen
805 2859 869 2892 mit
891 2858 968 2892 dem
989 2854 1304 2899 unzuverlc'issiyen
1320 2850 1392 2886 und
1405 2847 1654 2893 raubyiariyen
1671 2844 1824 2879 Fiirsten
1847 2840 1998 2876 Frieden

219 2918 450 2965 yesscklosoen
472 2918 546 2952 und
566 2918 637 2952 ilzm
659 2917 896 2964 weityelzende
922 2913 1224 2962 Zuyesteindnisse
1249 2909 1420 2957 yemaclet.
1468 2906 1638 2941 Einzelne
1664 2902 1798 2937 Punlcte
1823 2901 1883 2935 <les
1915 2899 1996 2933 Ver-

223 2981 344 3024 trayes
370 2977 451 3012 sind
474 2976 531 3012 bei
554 2976 723 3024 Raynald
744 2976 792 3012 ad
815 2987 942 3011 annum
967 2972 1062 3009 1412
1086 2971 1302 3020 anyedeutet.
1344 2965 1547 3017 Iclzbwerde
1573 2964 1632 2998 ilm
1656 2963 1692 2996 in
1709 2966 1850 2996 ecctenso
1877 2959 1997 3007 spiiter

220 3033 524 3088 veriiffentliclzen.
