2216 3432
474 203 516 247 B.
555 205 709 258 Gregors
726 206 810 252 XII.
828 208 989 262 Stellung
1007 229 1084 252 zum
1101 212 1228 255 Konzil
1253 221 1305 256 bis
1324 233 1385 257 zur
1402 220 1603 272 Eroffnung.
1644 227 1703 263 Nr.
1730 230 1783 266 71.
1926 219 2004 263 291

253 333 341 375 que
374 320 630 362 necessaria
663 320 828 364 fuerint
860 324 1044 367 ecclesie
1077 327 1155 369 Dei
1188 330 1230 370 et
1262 330 1342 372 toti
1374 334 1537 387 populo
1569 335 1806 379 christiano
1829 340 2011 383 concilia

252 391 479 445 generalia
512 393 769 434 sanctorum
802 399 993 448 patrum,
1036 411 1122 451 que
1154 412 1242 440 non
1275 401 1465 445 humane
1496 405 1819 450 adinventionis
1851 412 2009 463 studio,

251 466 321 505 set
362 462 511 505 divine
551 463 899 516 dispensationis
939 469 1200 511 auctoritate
1242 484 1322 524 pro
1359 474 1569 517 varietate
1609 479 1912 536 temporum,¹¹)
1956 483 2010 524 ad

251 534 661 577 corroborationem
699 534 803 577 fidei
843 540 885 578 et
923 551 1185 592 prosperum
1226 545 1388 585 statum
1426 546 1686 589 universalis
1723 551 1917 604 ecclesie,
1957 554 2012 595 ad

210 606 516 660 5extirpanda
546 605 655 647 vitia
688 609 734 648 et
766 608 1030 660 plantandas
1064 612 1263 666 virtutes,
1297 615 1352 656 ad
1376 616 1695 669 reprimendam
1720 621 2011 675 calumpniam

251 679 297 720 et
335 678 593 732 erigendam
630 678 848 724 iustitiam
893 694 972 734 pro
1017 682 1228 725 varietate
1276 686 1526 739 temporum
1574 688 2012 743 irreprehensibiliter

250 750 602 804 promulgantur.
657 750 936 793 Reverenter
960 753 1121 795 debent
1143 755 1197 796 ab
1220 756 1423 798 omnibus
1446 759 1666 802 observari
1690 763 1732 802 et
1755 762 1912 805 imitari
1936 766 2012 806 sed

251 825 296 864 et
317 835 441 875 reges
464 824 583 863 terre
614 823 657 862 et
680 822 905 876 principes
935 826 1059 866 tanto
1084 825 1386 868 delectabilius
1410 830 1454 869 et
1474 831 1770 873 venerabilius
1793 836 2011 887 suscipere

250 907 300 936 ac
332 893 574 948 perfectius
620 894 843 936 custodire
886 897 1103 948 tenentur,
1151 901 1317 952 quanto
1358 912 1506 941 eorum
1548 902 1822 945 observantia
1855 905 1937 946 sibi
1970 909 2014 948 et

181 963 235 1005 10
250 965 342 1007 suis
377 965 567 1007 subditis
600 965 870 1008 fructuosior
902 968 944 1008 et
977 968 1239 1021 negligei'itia
1270 970 1559 1023 periculosior
1588 986 1682 1014 esse
1705 978 1865 1027 posset,
1898 977 2011 1029 quia,

249 1049 349 1079 curn
384 1037 595 1080 inferiora
627 1038 873 1079 secundum
902 1039 1132 1092 superiora
1156 1041 1319 1082 moveri
1342 1042 1545 1089 habeant„
1578 1043 1622 1084 in
1645 1045 1706 1085 eis
1730 1048 1817 1086 tam
1842 1047 2011 1089 maioris

248 1122 383 1162 quam
416 1109 600 1151 minoris
635 1109 883 1150 dinoscitur
916 1123 1011 1151 esse
1045 1111 1277 1164 disciplina
1310 1126 1361 1153 ex
1394 1114 1577 1166 spiritus
1607 1116 1804 1168 paracliti
1829 1117 2013 1171 inspira-

250 1180 370 1222 tione
411 1181 565 1234 previa
604 1181 867 1234 procedens,
910 1182 1023 1223 sicut
1062 1183 1235 1236 eloquia
1269 1184 1584 1237 scripturarum
1617 1199 1838 1229 sacrarum
1869 1192 2013 1242 prote-

249 1253 442 1293 stantur.
507 1252 561 1293 Et
595 1252 759 1293 idcirco
792 1253 1066 1305 providimus
1106 1255 1308 1306 generale
1343 1256 1575 1298 concilium
1616 1257 1661 1299 in
1693 1258 1866 1300 civitate
1899 1259 2013 1302 Con-

180 1321 232 1362 15
248 1323 423 1373 stantie,
458 1323 685 1376 provincie
718 1324 987 1377 Maguntine,
1008 1325 1039 1379 ¹)
1078 1325 1124 1366 in
1157 1325 1352 1379 proximo
1386 1326 1476 1368 fore
1509 1329 1847 1381 convocandum,
1882 1343 2012 1383 quem

247 1396 394 1437 locum
448 1392 579 1450 nosb)
628 1395 841 1448 elegimus
890 1398 1116 1449 tamquam
1163 1397 1400 1449 ydoneum,
1456 1398 1746 1440 multitudinis
1794 1413 2011 1454 capacem,

247 1467 548 1513 accomodum,
581 1469 731 1508 tutum
764 1469 807 1508 et
839 1480 1116 1509 communem
1149 1471 1192 1509 et
1226 1469 1350 1521 quasi
1384 1470 1620 1511 centralem
1645 1471 1848 1512 omnibus
1873 1471 2011 1512 natio-

252 1539 385 1580 nibus
428 1539 484 1580 ad
517 1538 752 1581 concilium
785 1539 995 1590 venturis,
1037 1540 1079 1580 et
1109 1538 1150 1579 in
1187 1552 1273 1592 quo
1307 1541 1396 1581 Deo
1428 1540 1599 1582 favente
1632 1542 1881 1583 curabimus
1913 1556 2011 1595 per-

247 1610 460 1652 sonaliter
499 1611 715 1651 interesse
759 1613 801 1651 et
850 1612 1092 1651 secundum
1142 1613 1339 1652 nostrum
1388 1610 1612 1664 imperiale
1659 1611 1851 1653 officium
1898 1612 2010 1654 tueri

176 1679 402 1723 ‘ZOomnes
452 1682 772 1735 cuiuscumque
820 1684 977 1729 status,
1026 1681 1261 1735 dignitatis,
1304 1681 1627 1734 preeminencie
1670 1685 1711 1723 et
1753 1682 1914 1724 ordinis
1956 1684 2011 1725 ad

248 1753 484 1796 concilium
520 1754 640 1808 seu⁰)
674 1754 819 1795 locum
852 1753 1024 1794 concilii
1058 1756 1266 1794 venturos
1299 1754 1344 1794 in
1376 1754 1506 1806 plena
1538 1752 1754 1803 libertate,
1788 1753 1848 1794 ita
1877 1755 2006 1806 quod,

248 1824 370 1867 omni
401 1824 560 1866 timore
595 1825 811 1877 deposito,
844 1827 1057 1877 poterunt
1090 1825 1143 1866 ad
1176 1823 1403 1865 concilium
1434 1824 1598 1870 venire,
1632 1823 1691 1864 ibi
1716 1826 1843 1874 stare,
1877 1824 2009 1876 loqui,

247 1898 455 1948 tractare,
489 1896 694 1948 allegare,
729 1894 1026 1950 defendere,‘¹)
1057 1909 1294 1949 opponere,
1329 1894 1539 1947 replicare
1562 1896 1604 1935 et
1626 1894 1828 1946 expedire
1851 1895 2008 1946 omnia,

248 1981 335 2021 que
368 1967 451 2009 sibi
483 1967 754 2009 videbuntur
787 1969 1020 2019 oportuna,
1054 1969 1096 2007 et
1130 1966 1331 2007 recedere
1365 1978 1441 2017 pro
1474 1960 1553 2006 sua
1583 1965 1803 2006 voluntate
1837 1964 2008 2018 salvis‘)

176 2036 230 2077 25
246 2052 403 2080 eorum
439 2039 644 2093 personis
683 2041 817 2092 atque
857 2038 1000 2079 rebus.
1065 2037 1118 2078 Et
1160 2037 1341 2089 insuper
1383 2037 1438 2077 ad
1475 2036 1745 2076 iniciandum
1791 2034 2007 2088 prefatum

248 2110 486 2152 concilium
521 2110 846 2163 assignavimus
870 2109 1078 2150 kalendas
1112 2122 1188 2149 seu
1211 2108 1401 2161 primum
1428 2107 1540 2148 diem
1563 2107 1725 2147 mensis
1749 2105 2007 2146 Novembris

245 2182 446 2236 proxime
486 2181 681 2223 affuturi.
755 2182 894 2223 Porro
940 2179 1193 2221 huiusmodi
1241 2177 1413 2220 concilii
1461 2177 1796 2219 celebrationem
1844 2176 2006 2217 dudum

245 2252 338 2294 fere
371 2253 581 2295 omnibus
616 2252 794 2306 regibus
827 2255 870 2294 et
904 2251 1178 2306 principibus
1222 2249 1442 2291 catholicis
1477 2248 1779 2290 ecclesiasticis
1811 2249 1853 2287 et
1885 2259 2008 2287 secu-

246 2323 415 2366 laribus
448 2337 530 2365 nec
562 2337 651 2365 non
681 2323 864 2377 prelatis
895 2336 974 2376 per
997 2322 1159 2375 scripta
1190 2319 1382 2375 nostra2)
1414 2322 1456 2361 et
1480 2319 1787 2361 ambassiatam
1810 2316 2007 2359 duximus

176 2393 233 2434 30
248 2394 568 2437 insinuandum
600 2395 721 2449 ipsos
745 2395 801 2435 ad
823 2394 1176 2436 interessendum
1208 2391 1310 2433 huic
1333 2404 1456 2432 sacro
1478 2390 1661 2432 concilio
1684 2403 1761 2442 per
1784 2388 2007 2441 imperiale

246 2465 443 2507 officium
491 2466 704 2507 suavibus
752 2466 798 2506 et
840 2465 1018 2507 blandis
1061 2464 1264 2506 affatibus
1303 2465 1345 2503 et
1386 2461 1591 2503 studiosis
1634 2458 2007 2501 exhortationibus

246 2536 503 2579 invitantes.
569 2537 626 2578 Ut
668 2536 802 2589 igitur
846 2536 1076 2578 domestici
1118 2534 1221 2576 fidei
1270 2547 1322 2574 eo
1362 2532 1498 2584 magis
1536 2532 1582 2572 in
1622 2530 1701 2572 Dei
1741 2532 1783 2571 et
1825 2528 2007 2569 ecclesie

247 2607 482 2650 devotione
514 2606 764 2660 proficiant,
796 2621 886 2661 quo
919 2621 966 2649 se
999 2607 1236 2660 specialius
1270 2605 1418 2645 nostre
1452 2602 1566 2656 regie
1590 2603 1787 2643 Romane
1819 2598 2005 2640 auctori-

248 2679 355 2721 tatis
393 2677 602 2732 suffragio
645 2678 878 2720 senserint¹
908 2677 1132 2720 confoveri
1165 2678 1208 2718 et
1239 2673 1495 2730 premuniri,
1537 2685 1636 2714 ecce
1668 2670 1760 2722 tibi,
1803 2669 2006 2722 princeps

176 2748 232 2790 35
248 2751 292 2792 et
328 2746 703 2805 consanguineef)
745 2749 918 2802 dilecte,
967 2749 1021 2790 de
1064 2748 1188 2790 cuius
1228 2744 1517 2801 providentia,
1564 2742 1794 2796 legalitate,
1841 2739 1925 2781 fide
1965 2740 2006 2778 et

365 2926 396 2961 a)
416 2926 497 2954 Hier
515 2924 601 2960 solat
619 2924 810 2960 ilberflilesiq
825 2924 1088 2959 promulgantur,
1108 2924 1170 2950 das
1189 2923 1284 2950 umen
1303 2920 1383 2948 noch
1403 2917 1521 2946 einmal
1539 2917 1626 2945 steht.
1663 2915 1696 2949 b)
1716 2913 1800 2941 Fehlt
1822 2914 1850 2940 Ο.
1887 2913 1916 2945 c)
1944 2911 2005 2938 l'on

246 2974 318 3002 hier
337 2974 386 3002 bie
404 2972 518 3001 venire
537 2972 605 3007 seht
626 2973 656 3000 Ο.
693 2971 726 3007 d)
746 2972 876 2999 deferre
897 2973 927 3000 0.
964 2973 993 3007 e)
1014 2971 1128 2999 salvus
1150 2971 1179 2998 0.
1214 2969 1239 3003 f)
1260 2966 1447 2996 consiliarie
1469 2966 1498 2993 0.

370 3046 398 3090 ¹)
423 3044 514 3079 Hier
541 3049 635 3079 setzt
661 3042 691 3078 C
714 3043 781 3080 ein.

371 3117 399 3161 ²)
431 3115 503 3151 Von
527 3115 649 3150 diesen
676 3114 874 3149 Selareiben
900 3114 981 3148 sind
1002 3124 1069 3148 nur
1093 3113 1224 3157 wem‘ye
1251 3110 1419 3145 erloealten·

1648 3163 1727 3206 19*
