2216 3432
0 0 103 240 Γ
422 153 461 191 G.
502 153 680 188 Benedikt
704 154 817 197 XIIL,
844 155 999 200 Spanien
1025 159 1095 192 und
1122 159 1184 194 das
1210 162 1428 198 Konstanzer
1454 166 1588 200 Konzil.
1632 168 1689 202 Nr.
1717 170 1770 204 79.
1888 163 1970 203 313

0 294 5 315 τ

2 316 7 344 ὲ

339 262 602 317 Sequuntur
624 261 940 306 instructiones
962 279 1128 319 eorum,
1158 282 1242 322 que
1266 270 1454 314 Didacus
1477 274 1514 314 N
1519 275 1710 328 avarro¹)
1740 278 1982 320 canonicus

220 335 263 377 et
299 332 649 388 archipresbiter
681 334 1011 388 Segobricensis
1044 352 1095 380 ex
1135 342 1260 393 parte
1304 342 1466 385 domini
1510 346 1645 387 nostri
1689 359 1801 400 pape
1843 349 1972 390 habet

218 405 364 448 facere
395 404 443 447 in
474 403 681 460 partibus
712 405 850 448 Italie.

339 477 398 519 Et
428 476 587 531 primo,
626 476 732 530 quia
771 478 1074 533 principaliter
1115 482 1301 524 mittitur
1335 486 1388 526 ad
1420 485 1610 539 reginam
1644 488 1973 540 Neapolitanam

178 548 487 603 5applicando
530 548 587 589 ad
626 551 801 602 partes,
846 550 920 591 ubi
959 551 1108 600 suerit,
1149 567 1278 606 quani
1320 555 1458 608 primo
1502 558 1682 599 facultas
1721 574 1765 598 se
1807 559 1973 611 offeret,

219 620 402 662 accedat
440 620 496 662 ad
539 633 651 673 eam,
694 623 739 661 et
776 623 1042 674 presentatis
1080 624 1163 665 sibi
1202 625 1359 667 litteris
1392 641 1441 667 ac
1473 628 1738 670 salutacione
1771 632 1812 669 et
1844 631 1974 671 bene-

221 691 416 733 dictione
448 691 532 733 sibi
557 691 732 742 oblatis7
766 692 1003 746 explicabit
1027 694 1181 747 eidem,
1208 698 1323 749 quod
1348 698 1549 738 dominus
1573 701 1719 740 noster
1741 700 1973 741 affectuose

221 763 446 805 desiderat
485 763 714 805 certiorari
755 764 808 804 de
850 766 967 806 statu
1011 779 1225 819 prospero
1264 782 1342 809 suo
1386 769 1746 822 negociorumque
1785 784 1972 811 suorum.

221 835 465 889 Propterea
508 834 673 876 auditis
713 835 962 877 rumoribus
995 837 1135 878 eidem
1170 839 1345 881 domino
1381 843 1526 882 nostro
1560 840 1888 893 displicentibus
1922 843 1974 882 (le

153 907 205 949 10
219 906 343 948 obitu
381 906 497 960 regis
531 906 757 949 Landislai
798 907 946 949 fratris
979 910 1045 950 sui
1079 910 1194 950 illico
1227 911 1418 952 decrevit
1450 911 1620 952 mittere
1653 912 1814 952 (lictum
1851 912 1976 952 Dida-

219 991 321 1019 cum
370 978 425 1020 ad
474 991 569 1019 eam
613 979 669 1020 ad
712 978 942 1020 sciendum
980 981 1074 1021 eius
1119 983 1281 1022 statum
1322 985 1364 1023 et
1403 983 1713 1024 consolandum
1759 982 1895 1035 ipsun]
1935 985 1976 1022 et

219 1049 557 1092 confortandum
598 1052 644 1091 et
689 1050 966 1092 offerendum
1005 1065 1051 1093 se
1093 1052 1137 1093 in
1171 1054 1388 1105 omnibus,
1423 1054 1582 1106 quibus
1615 1068 1708 1094 eam
1742 1054 1879 1095 valeat
1912 1054 1975 1093 iu-

218 1134 322 1162 vare
369 1122 412 1163 et
457 1122 676 1164 consolari
730 1125 941 1175 tanquam
986 1122 1118 1165 filiam
1167 1125 1211 1164 et
1255 1125 1486 1166 vas-saliam
1524 1125 1755 1178 specialem
1799 1125 1975 1165 ecclesie

219 1193 419 1235 Romane
458 1193 789 1248 subiungendo,
833 1195 1043 1248 qualiter,
1091 1197 1137 1236 ut
1170 1196 1265 1248 ipsa
1304 1196 1395 1247 scit,
1430 1197 1571 1237 dictus
1610 1209 1682 1236 rex
1724 1195 1976 1235 Laudis-laus

151 1264 356 1307 15frater
388 1264 496 1317 eius,
529 1265 606 1318 qui
639 1267 746 1306 tunc
779 1266 967 1314 vivebat„
1002 1267 1120 1308 misit
1153 1281 1256 1308 suos
1290 1268 1606 1308 ambaxiatores
1638 1267 1777 1307 eidem
1802 1265 1975 1306 domino

219 1337 369 1378 nostro
408 1336 553 1391 primo
587 1338 861 1379 Demetrium
895 1338 948 1379 de
982 1339 1157 1379 Guerau
1190 1340 1343 1391 postea
1375 1338 1574 1380 dominos
1609 1337 1841 1379 Ricardum
1877 1335 1975 1376 Dal-

220 1407 468 1450 demarisco
509 1410 554 1449 et
592 1409 905 1462 Raymundum
946 1410 1164 1451 'l'orrelles
1205 1409 1406 1461 milites‘2)
1448 1411 1490 1450 et
1528 1408 1667 1450 eidem
1710 1407 1977 1460 explicarunt

218 1479 381 1521 bonam
404 1478 689 1521 affectionem
713 1482 756 1522 et
779 1481 935 1531 zelum,
970 1494 1080 1534 quos
1105 1494 1177 1522 rex
1201 1482 1293 1535 ipse
1315 1481 1504 1522 habebat
1527 1480 1580 1521 ad
1604 1478 1806 1519 unionem
1829 1479 1976 1519 sancte

218 1550 373 1593 matris
416 1550 601 1593 ecclesie
640 1553 682 1593 et
723 1552 779 1594 ad
818 1565 1055 1605 personam
1095 1552 1256 1594 domini
1290 1552 1424 1594 nostri
1458 1563 1569 1604 pape
1603 1563 1655 1591 ex
1687 1551 1810 1602 parte
1842 1547 1975 1602 ipsius

148 1622 206 1663 ΞΟ
219 1623 334 1676 regis
367 1621 513 1664 eidem
546 1622 726 1665 domino
760 1626 913 1666 nostro
945 1623 1134 1676 plurima
1166 1623 1411 1664 offerentes

339 1693 513 1745 Quibus
550 1694 741 1749 benigne
786 1696 830 1737 et
869 1696 923 1736 ad
966 1696 1144 1748 plenum
1183 1708 1314 1748 super
1353 1694 1450 1745 hiis,
1489 1707 1572 1746 que
1604 1707 1654 1734 ex
1688 1693 1808 1745 parte
1841 1689 1975 1743 ipsius

217 1764 332 1820 regis
387 1778 611 1820 exponere
660 1767 919 1818 voluerunt,
959 1767 1122 1808 auditis
1168 1766 1370 1807 dominus
1423 1767 1569 1807 noster
1616 1761 1873 1804 deliberavit
1922 1760 1973 1800 ad

219 1837 414 1879 eundem
456 1851 602 1891 regem
642 1839 866 1891 quendam
908 1838 1180 1892 noenu-cuv&
1222 1840 1266 1878 et
1304 1836 1465 1877 dictum
1506 1835 1714 1876 Didacum
1753 1846 1839 1873 una
1879 1845 1974 1872 cum

219 1908 600 1951 ambaxiatoribus
634 1909 821 1951 illustris
862 1909 972 1963 regis
1004 1909 1223 1962 Aragonie
1256 1907 1474 1949 destinare
1507 1907 1559 1947 ad
1593 1905 1814 1946 sciendum
1840 1901 1975 1956 speci-

146 1978 202 2020 25
217 1978 299 2021 fice
330 1981 387 2022 ab
422 1981 579 2023 eodem
612 1995 727 2036 rege,
768 1995 854 2035 que
892 1995 970 2035 per
1011 1981 1204 2034 prefatos
1238 1979 1553 2021 anibaxiatores
1585 1990 1686 2018 suos
1718 1973 1975 2028 generaliter

216 2051 401 2095 fuerunt
440 2053 641 2107 exposita
682 2054 724 2094 et
763 2066 897 2106 super
939 2053 1001 2094 eis
1044 2066 1141 2093 cum
1183 2051 1278 2104 ipso
1311 2051 1429 2103 Rege
1462 2047 1768 2090 conserendum
1800 2047 1842 2086 et
1874 2057 1975 2085 con-

217 2123 505 2165 cordandum.

337 2195 537 2249 Cumque
580 2195 699 2237 idem
739 2196 943 2237 dominus
975 2198 1126 2237 noster
1158 2207 1272 2247 papa
1306 2191 1494 2233 misisset
1526 2202 1627 2230 suos
1659 2185 1975 2229 ambaxiatores

217 2267 274 2308 ad
316 2266 541 2309 civitatem
581 2266 1012 2318 Bmehinonensem,
1052 2268 1100 2306 ut
1145 2263 1451 2318 expectassent
1492 2260 1655 2302 ibidem
1696 2271 1773 2312 per
1811 2255 1975 2313 aliquot

147 2336 203 2377 30
217 2339 397 2392 tempus
429 2339 757 2380 ambaxiatores
790 2338 907 2392 regis
930 2336 1162 2391 Aragonie7
1195 2335 1288 2389 ipse
1322 2348 1395 2375 rex
1418 2330 1673 2374 deliberavit
1698 2341 1783 2370 non
1806 2326 1975 2367 mittere

217 2408 543 2451 ambaxiatores
576 2422 692 2461 suos,
727 2410 866 2451 donec
907 2409 1062 2450 fuisset
1104 2408 1274 2450 locutus
1317 2418 1416 2446 cum
1456 2402 1630 2445 domino
1670 2401 1817 2440 nostro
1849 2408 1974 2450 papa,

217 2493 318 2522 cum
359 2494 448 2535 quo
480 2480 744 2523 intendebat
777 2494 873 2523 esse
906 2480 1021 2522 infra
1052 2480 1184 2521 breve
1216 2474 1449 2530 tempus.4)
1512 2474 1566 2514 Et
1598 2484 1674 2525 pro
1708 2471 1830 2511 tanto
1862 2467 1975 2507 idem

217 2552 423 2593 dominus
456 2554 610 2594 noster
639 2565 719 2605 per
752 2565 855 2594 suas
889 2552 1057 2593 litteras
1091 2548 1313 2591 mandavit
1336 2546 1461 2588 dictis
1485 2544 1574 2586 suis
1597 2537 1973 2584 ambaxiatoribus.

216 2624 266 2665 ut
306 2623 505 2665 redirent
544 2623 598 2665 ad
644 2636 745 2665 eum
787 2624 971 2675 adhoc,
1003 2624 1052 2664 ut
1084 2620 1348 2662 interessent
1379 2617 1425 2658 in
1456 2615 1536 2665 his,
1569 2627 1653 2667 que
1685 2609 1975 2652 tractarentur

121 2814 123 2816 ·
146 2793 200 2835 35
338 2789 365 2834 ¹)
390 2789 445 2823 Er
470 2789 650 2823 erscleeint
674 2789 768 2834 ester
792 2801 838 2822 zu
870 2785 1189 2830 Gesandtscleasten
1212 2782 1420 2817 verwcndet.
1643 2827 1647 2835 I

337 2861 365 2906 ²)
398 2859 513 2895 Ueber
536 2861 633 2896 chiese
667 2859 988 2904 Gesandtschasten
1013 2856 1100 2891 habe
1126 2856 1180 2889 ich
1209 2854 1319 2888 m'ehes
1346 2850 1518 2896 (tegffz'ndau
1545 2849 1687 2882 kiimmn.

337 2932 365 2977 ³)
397 2932 595 2978 G'reqorius
621 2931 784 2974 d'Ornos,
810 2930 1076 2964 archidiaconus
1104 2926 1276 2965 Emensis,
1306 2922 1443 2956 Dolctor
1469 2920 1644 2963 utriusque
1662 2917 1768 2962 jures.

337 3004 365 3048 4)
393 3003 454 3038 Da
478 3003 595 3049 K6ni9
620 3001 827 3037 Ferdc'naml
854 3000 941 3035 <loch
966 2999 1173 3045 friileestens
1207 2996 1248 3029 im
1280 2984 1455 3038 FriiIijalzr
1485 2991 1544 3023 des
1569 2989 1698 3022 Jalares
1728 2985 1813 3048 uli
1844 2994 1887 3015 (m
1917 2980 1969 3012 die

215 3062 533 3112 Zusammenkunft
554 3062 617 3097 mit
640 3061 815 3097 Benedikc
838 3060 975 3102 dachte,
1007 3069 1045 3092 30
1073 3058 1119 3091 ist
1141 3056 1195 3090 die
1221 3053 1305 3088 Zeit
1326 3052 1386 3086 des
1425 3049 1574 3083 Wartens
1603 3041 1852 3097 unywae'jlmlach
1880 3040 1968 3085 [any.
