2216 3432
0 2178 10 2182 ,
0 2161 2 2166 ψ
0 2145 2 2150 .
0 2130 4 2135 .
0 2060 15 2119 fl.—
0 2020 23 2057 ,Γ
0 1805 22 2020 '‘J-''V‘WWV
0 1704 16 1805 ’'iq-'1'
0 1689 2 1693 ,
0 1675 2 1681 ,

437 200 439 203 ¹
478 160 518 197 E.
563 159 766 207 Sigismund
793 165 864 199 und
892 166 951 202 der
975 169 1187 214 griechische
1212 174 1335 210 Kaisar
1360 178 1505 216 Manuel.
1552 182 1610 217 Nr.
1638 185 1712 220 112.
1888 179 1967 223 397

226 267 433 322 gentibus
471 267 743 312 Alamanicis
782 273 835 314 ad
876 277 1026 328 gentes
1071 281 1239 322 nostras
1279 283 1563 341 Hungaricas,
1614 304 1719 343 que,
1761 295 1807 335 ut
1844 297 1969 348 preli-

225 338 371 393 batur,
411 341 639 394 parabunt
670 342 786 384 viam
818 346 918 387 ante
950 347 1101 390 faciem
1133 353 1338 406 nostram,
1372 356 1425 397 ad
1457 360 1599 410 partes
1631 361 1766 404 Ytalie
1800 378 1874 417 per
1906 367 1969 408 di-

226 411 396 453 rectum
427 413 734 466 procedemus.

346 482 411 524 Ex
444 483 605 537 quibus
637 486 782 527 vestre
815 489 1060 530 serenitatis
1093 493 1397 546 perspicacitas
1440 498 1551 539 clare
1588 502 1727 552 potest
1763 505 1971 558 colligere,

145 622 148 625 Δ
186 554 287 607 5ut,
328 567 601 608 quamquam
617 556 650 612 ¹)
692 570 791 598 cum
838 560 1120 602 serenissimo
1153 564 1346 618 principe
1385 567 1559 609 domino
1602 570 1834 614 Wladislao
1877 589 1971 629 rege

227 625 414 668 Polonie
452 626 588 669 fratre
626 630 777 671 nostro
815 630 1038 672 carissimo
1072 634 1125 674 ad
1158 636 1454 687 reprimendos
1494 640 1535 679 et
1572 642 1887 693 propulsandos
1920 647 1971 687 de

225 696 392 739 finibus
434 697 532 739 istis
573 699 688 740 circa
719 714 839 742 mare
873 702 1114 744 Turcorum
1146 704 1333 747 insultus
1371 721 1450 760 pro
1490 709 1694 752 dilatione
1731 712 1828 754 fidei
1861 717 1973 755 orto-

227 768 354 822 doxe,
388 769 559 811 utinam
590 771 706 812 votis
738 772 903 813 nostris
937 786 1125 827 superna
1158 775 1385 818 clementia
1415 781 1590 831 annuat,
1614 781 1801 834 diligenti
1835 786 1974 827 studio

226 840 431 883 laborare
465 855 517 883 ex
546 841 722 884 firmato
754 845 797 884 et
829 844 1089 886 inalterabili
1120 847 1345 899 proposito
1378 849 1654 901 decrevimus
1688 854 1774 904 sed,
1809 856 1853 895 ut
1874 868 1974 896 con-

160 912 413 954 10iunctim
428 911 462 965 2)
496 913 765 967 scripsimus,
798 917 992 957 vestrum
1032 917 1257 959 consilium
1288 919 1452 971 pariter
1491 922 1532 961 et
1572 922 1833 965 voluntatem
1866 925 1974 966 votis

227 983 392 1027 nostris
425 997 686 1027 concurrere
719 988 940 1039 gratanter
971 987 1284 1030 affectaremus.

347 1055 436 1097 Sed
476 1057 525 1098 ut
563 1056 609 1097 in
647 1057 833 1100 materia
881 1059 934 1100 de
976 1059 1138 1100 unione
1186 1059 1297 1101 inter
1342 1061 1571 1103 orientales
1610 1066 1651 1104 et
1689 1063 1974 1106 occidentales

227 1126 453 1180 ecclesias,
497 1127 663 1182 negotii
710 1142 888 1182 quoque
936 1131 1075 1172 status
1122 1131 1355 1184 imperialis
1402 1132 1555 1185 fastigii
1599 1134 1892 1176 Romanorum
1934 1138 1975 1176 et

227 1198 468 1241 Grecorum
508 1199 684 1241 cuidam
731 1200 1003 1253 ambiguitati
1051 1203 1094 1242 et
1132 1201 1261 1242 tacite
1303 1202 1548 1255 obiectioni,
1587 1217 1669 1256 que
1709 1205 1752 1245 in
1791 1205 1975 1246 medium

159 1269 450 1312 15introduci
482 1272 649 1323 posset,
684 1271 924 1313 satisfaciat
957 1273 1106 1313 nostre
1130 1273 1288 1314 mentis
1321 1273 1435 1315 clara
1467 1275 1710 1327 conceptio:
1740 1275 1975 1316 timendum

227 1340 426 1383 fortassis
461 1344 505 1383 et
528 1341 743 1396 suspicari
777 1345 986 1391 occurret,
1019 1344 1066 1384 ut
1096 1357 1145 1384 ex
1178 1343 1254 1385 tali
1288 1343 1447 1385 unione
1475 1344 1815 1398 preiudicaretur
1846 1346 1974 1387 statui

228 1414 272 1454 et
304 1413 596 1455 observancie
629 1413 675 1454 in
709 1414 1016 1468 spiritualibus
1055 1416 1129 1455 aut
1160 1415 1473 1468 temporalibus
1512 1415 1786 1456 ecclesiarum
1828 1417 1868 1456 et
1899 1416 1975 1455 im-

226 1484 351 1538 perio
385 1484 639 1527 Grecorum.
704 1484 776 1526 Ad
809 1485 930 1526 cuius
969 1485 1243 1527 hesitationis
1281 1485 1533 1538 scrupulum
1570 1486 1849 1536 tollendumss)
1892 1485 1975 1526 tale

226 1555 516 1609 providimus,
550 1558 597 1598 ut
633 1556 893 1610 prelibatur,
928 1556 1167 1598 remedium
1190 1556 1496 1605 exhibendum,
1530 1557 1587 1604 ut,
1621 1557 1847 1608 postquam
1879 1569 1974 1608 pre-

155 1626 316 1670 20fate
349 1627 587 1669 orientales
621 1627 801 1669 ecclesie
835 1628 888 1669 de
920 1627 1003 1668 ritu
1034 1628 1268 1669 Grecoruin
1301 1626 1469 1667 reunite
1501 1626 1686 1677 fuerunt,
1721 1626 1973 1666 adherentes

226 1699 508 1740 sacrosancte
542 1698 743 1740 Romane
777 1698 956 1740 ecclesie
989 1700 1213 1751 tamquam
1245 1697 1371 1738 matri
1402 1696 1492 1737 filia
1533 1699 1574 1737 et
1611 1696 1801 1737 membra
1832 1695 1972 1748 capiti,

223 1769 270 1811 in
302 1769 403 1821 illis,
436 1769 483 1810 in
515 1769 677 1822 quibus
712 1770 813 1811 ante
847 1768 1106 1810 divisionem
1141 1769 1352 1809 steterunt
1383 1767 1426 1808 in
1458 1766 1747 1819 recognitione
1780 1767 1821 1806 et
1854 1778 1972 1806 reve-

225 1841 368 1883 rentia
401 1841 679 1882 sacrosancte
722 1840 922 1882 Romane
964 1839 1115 1880 matris
1154 1839 1330 1880 ecclesie
1369 1839 1589 1889 tamquam
1621 1836 1771 1889 capitis
1812 1848 1970 1885 earum,

222 1911 382 1965 iugiter
414 1909 652 1966 debeantb)
683 1924 958 1965 permanere.
1020 1910 1130 1951 Item
1169 1910 1203 1949 si
1245 1910 1358 1950 esset
1395 1900 1583 1961 suspicio
1622 1907 1661 1947 in
1705 1905 1882 1946 materia
1920 1905 1971 1945 de

152 1983 207 2026 25
223 1983 544 2036 temporalibus
578 1996 655 2023 seu
683 1983 736 2023 de
757 1981 944 2034 imperio
968 1982 1218 2032 Grecorum,
1252 1979 1549 2032 respondetur,
1583 1990 1667 2018 non
1700 1989 1792 2016 esse
1824 1988 1971 2015 veren-

223 2054 342 2105 dum,
376 2054 481 2107 quia
515 2052 691 2106 plurimi
733 2052 1021 2106 imperatores
1067 2052 1121 2092 ab
1159 2051 1339 2103 antiquo
1379 2049 1666 2090 adiunxerunt
1706 2045 1784 2085 sibi
1817 2058 1971 2097 coope-

222 2126 416 2177 ratores,
461 2126 510 2165 ut
550 2124 677 2176 longe
725 2124 903 2176 lateque
951 2122 1110 2163 diffusa
1155 2120 1324 2174 imperii
1371 2119 1474 2160 ditio
1521 2119 1562 2159 et
1608 2118 1797 2169 potestas
1836 2114 1971 2167 possit

220 2195 376 2236 maiori
406 2194 685 2248 providentia
717 2193 949 2235 moderari.
1014 2191 1391 2242 Quemadmodum
1429 2189 1486 2229 ita
1523 2186 1770 2228 multotiens
1810 2186 1966 2226 factum

221 2266 357 2309 fuisse
402 2265 647 2319 antiquitus
690 2264 1155 2318 hystoriographorum
1193 2259 1450 2312 autenticeC)
1496 2257 1705 2309 scripture
1745 2254 1969 2296 manifeste

150 2340 207 2381 30
220 2337 424 2390 pandunt
457 2338 500 2378 et
533 2337 815 2387 attestantur,
849 2334 910 2375 sic
944 2336 986 2375 et
1018 2347 1098 2374 nos
1131 2331 1423 2374 consentimus
1457 2330 1498 2369 et
1528 2327 1733 2368 vellemus
1765 2338 1841 2365 vos
1873 2337 1969 2377 per-

219 2420 400 2449 manere
431 2407 477 2448 in
507 2407 637 2448 titulo
669 2405 884 2459 imperiali
923 2405 1161 2446 Grecorum
1202 2403 1245 2444 et
1278 2401 1410 2442 libere
1452 2398 1514 2440 uti
1559 2397 1631 2438 illo
1669 2398 1711 2437 et
1741 2394 1969 2436 extendere

337 2583 368 2616 a)
388 2581 559 2609 tolendum
580 2582 617 2608 B.
655 2581 687 2615 b)
708 2581 830 2608 debent
850 2581 887 2607 Β.
924 2580 952 2614 c)
974 2578 1154 2607 auttentice
1176 2578 1211 2604 B.

339 2643 365 2686 1)
393 2641 462 2676 Die
497 2640 834 2675 Satzkonstrakcion
864 2626 1007 2684 ver-may
1043 2638 1099 2672 iclz
1135 2637 1231 2671 nicht
1259 2633 1499 2669 lterzustellen.
1567 2626 1850 2663 Ilhlaerseheinliela
1874 2625 1969 2670 fehlt

219 2702 275 2737 ein
313 2700 508 2746 Satzylied.
570 2700 673 2734 Denn
713 2699 777 2733 das
821 2698 940 2732 bisleer
983 2696 1182 2731 Berichtete
1225 2693 1365 2727 handelt
1403 2690 1487 2725 doc-lc
1530 2700 1594 2723 nur
1634 2688 1717 2721 iiber
1756 2682 1966 2747 Siyignumdx

148 2765 203 2808 35
224 2760 424 2806 lec'itiykeit
447 2759 565 2802 allein,
591 2758 761 2792 wc'ilzrend
783 2757 861 2791 hier
883 2756 1050 2802 plo‘tzlielz
1077 2755 1140 2788 das
1165 2762 1390 2799 yemeznsame
1427 2748 1558 2782 ll'irken
1582 2747 1641 2779 mit
1662 2745 1733 2797 dem
1759 2742 1966 2784 l’olenkb‘my

218 2819 437 2855 leervortrt‘tt.

339 2880 366 2923 ²)
393 2878 462 2912 Die
489 2876 706 2921 Ablciae‘rzuny
742 2874 835 2908 kann
867 2885 934 2908 nur
965 2885 1003 2907 80
1039 2872 1216 2918 aujyeliist
1237 2868 1385 2903 werden.
1435 2863 1649 2900 Coniunctim
1677 2861 1763 2894 kann
1789 2858 1873 2891 doch
1899 2865 1963 2889 nm·

216 2937 428 2986 yemeinsam
463 2935 625 2970 lzeissen?
674 2933 783 2967 Dana
822 2934 961 2967 milssen
1005 2931 1102 2965 beide
1142 2929 1276 2974 Kb'niye
1320 2938 1365 2959 an
1401 2925 1466 2958 den
1502 2921 1629 2956 Kaiser
1666 2917 1869 2980 yemeinscnn
1909 2924 1963 2978 ern

219 2997 417 3034 schreiben
445 2994 597 3042 yesandt
628 2993 752 3036 haben,
786 2992 850 3027 das
875 2992 1041 3026 verloren
1065 2990 1122 3027 ist.
1160 2988 1206 3022 (Ia
1230 2986 1316 3020 doch
1341 2983 1395 3018 die
1420 2977 1697 3025 vorheryelaeende
1723 2974 1787 3008 Nr.
1813 2972 1906 3006 mclaet
1927 2981 1961 3004 m

145 3056 395 3121 40Betracht
416 3055 569 3090 kommen
594 3053 697 3087 kann.
