2216 3432
423 163 466 202 Α,
506 162 652 198 Johann
667 162 805 198 xxm.
831 165 903 199 und
930 165 985 201 die
1004 167 1307 215 Vorbereitungen
1332 181 1408 205 zum
1426 173 1565 209 Konzil.
1606 174 1666 210 Nr.
1692 176 1750 218 57,
1776 176 1831 213 58.
1927 168 2007 210 261

249 271 326 317 57.
360 270 449 314 Der
471 269 586 311 Rath
606 284 684 311 von
713 268 890 327 Venediy
925 272 1156 316 beselaliesst
1176 278 1250 329 aus
1273 276 1349 318 den
1378 275 1600 335 Vorsclclag]
1620 280 1806 323 Johamzs
1825 281 2011 336 XXIII.‚

248 343 349 385 dass
369 340 474 396 jetzt
502 341 612 383 nach
643 341 733 382 dem
760 340 867 384 Tode
898 343 968 384 des
989 343 1147 401 Kdm'qs
1176 345 1406 388 Ladisla-us
1436 349 1500 390 die
1522 350 1691 406 rietatiye
1715 351 1807 394 Zeit
1834 355 1894 394 sei
1922 368 2012 395 zum

258 412 466 470 Vorqeken
503 427 632 468 yeyen
675 413 741 454 die
776 414 884 454 nacla
925 413 1074 457 Italian
1115 416 1352 458 stu-ebenden
1389 417 1740 472 Ultramontanen,
1785 425 2013 478 anyesiclcts

376 484 450 526 der
480 483 613 526 Plane
646 484 717 525 des
749 483 907 541 Kiiniys
937 483 1181 541 Siyismund
1211 488 1295 528 sich
1326 491 1594 531 zustimmend
1622 505 1674 532 zu
1705 494 1885 535 d‘ussem.

207 558 234 600 5
933 555 1045 597 1414
1079 557 1246 613 Auyust
1275 557 1346 599 31.

320 651 396 686 Aus
424 651 678 686 Staatsarcleiv
711 650 873 696 Venediy,
905 651 1172 685 I)elibcra:ioni
1196 652 1254 686 dal
1279 652 1410 687 Scuato
1443 653 1512 687 Vol.
1540 655 1562 688 6
1584 655 1647 696 fol.
1675 654 1737 689 71³.

1064 748 1216 802 Capta.

368 820 479 862 Cum
542 818 613 861 his
662 819 821 860 diebus
869 818 1089 872 preteritis
1140 820 1327 861 relatum
1378 820 1509 862 fuerit
1556 821 1601 862 in
1649 824 1816 864 secreto
1870 825 2016 865 nostro

249 891 445 935 dominio
510 904 593 945 pro
647 894 774 944 parte
837 890 998 932 summi
1048 890 1292 944 pontificis,
1351 892 1470 945 quod
1522 892 1676 944 modo,
1728 894 1843 946 quod
1896 908 2014 936 sere-

181 963 459 1006 lOnissimus
507 976 583 1004 rex
627 962 862 1004 Ladizlaus
904 962 1170 1014 decesserat,
1219 963 1335 1003 esset
1371 964 1548 1015 tempus
1591 962 1778 1004 faciendi
1810 964 2015 1006 unionem

248 1037 292 1077 et
324 1035 457 1089 ligam
489 1048 591 1076 cum
623 1047 705 1075 sua
738 1033 976 1075 sanctitate
1031 1035 1074 1074 et
1107 1046 1206 1074 cum
1238 1033 1504 1074 Florentinis
1537 1034 1591 1075 ad
1623 1035 1940 1087 providendum
1973 1037 2015 1076 et

247 1101 534 1158 obviandum,
582 1106 702 1159 quod
742 1106 1062 1147 ultramontani
1111 1118 1198 1145 non
1247 1107 1431 1158 possent
1464 1105 1730 1146 descendere
1763 1106 1808 1146 in
1841 1105 2010 1147 Italiam

248 1180 292 1220 et
340 1178 688 1220 assecurandum
744 1178 884 1219 status
938 1176 1131 1230 partium
1166 1190 1190 1217 a
1223 1175 1579 1229 quibuscunque,
1632 1176 1708 1229 qui
1760 1178 1910 1217 contra
1941 1190 2014 1217 eos

248 1251 474 1292 attentare
537 1249 884 1303 presumere[n]t
947 1249 992 1290 et
1046 1282 1055 1290 .
1096 1280 1105 1289 .
1147 1282 1156 1290 .
1219 1247 1389 1289 noviter
1445 1248 1578 1289 fuerit
1629 1247 1684 1289 ad
1736 1249 2017 1301 conspectum

179 1321 233 1363 15
249 1320 519 1363 serenissimi
570 1321 738 1362 domini
790 1319 915 1362 ducis
948 1320 1172 1362 ,lohannes
1221 1319 1273 1360 de
1307 1317 1536 1372 Tegliaciis
1587 1318 1693 1360 civis
1727 1319 1770 1358 et
1802 1319 2016 1360 mercator

248 1391 460 1435 Senensis
493 1393 736 1434 ostendens
760 1392 844 1433 sibi
869 1392 1097 1445 quandam
1118 1390 1291 1432 literam
1314 1392 1536 1443 receptam
1560 1403 1584 1430 a
1608 1421 1616 1430 .
1637 1421 1645 1430 .
1666 1421 1674 1430 .
1699 1388 2014 1431 ambassiatore

248 1464 578 1507 communitatis
611 1464 836 1507 Florentie
860 1464 907 1505 in
924 1462 1124 1505 Bononia
1156 1475 1290 1515 super
1323 1461 1453 1503 simili
1499 1461 1684 1502 materia
1737 1491 1745 1500 .
1781 1492 1789 1500 .
1824 1492 1833 1500 .
1866 1460 2014 1501 habito

249 1536 458 1590 respectu
491 1536 548 1578 ad
580 1548 644 1587 ea,
678 1549 766 1590 que
799 1534 996 1589 quotidie
1031 1534 1238 1575 dicuntur
1272 1534 1316 1574 et
1349 1532 1552 1574 videntur
1585 1532 1638 1573 de
1671 1530 1866 1584 appetitu
1902 1530 2015 1583 regis

249 1606 477 1661 Hungarie
518 1606 654 1649 etde
695 1607 779 1657 his,
825 1619 909 1660 que
949 1604 1146 1659 quotidie
1180 1603 1323 1658 querit
1365 1604 1408 1644 et
1444 1603 1602 1644 tractat
1639 1615 1737 1643 cum
1776 1601 2015 1643 ultramon-

177 1678 379 1731 amanis,
414 1710 423 1719 .
459 1710 468 1719 .
504 1713 512 1720 .
546 1692 616 1720 res
649 1678 735 1719 ista
768 1691 855 1720 non
889 1677 948 1718 sit
986 1675 1292 1730 postergcnda,
1328 1707 1335 1715 .
1371 1706 1380 1714 .
1415 1705 1424 1715 .
1457 1673 1578 1715 vadit
1609 1686 1724 1727 pars,
1765 1672 1882 1725 quod
1915 1703 1923 1712 .
1959 1703 1967 1711 .
2003 1703 2011 1712 .

249 1751 337 1792 dux
380 1784 389 1793 .
431 1783 440 1792 .
483 1782 492 1791 .
537 1750 656 1792 dicat
704 1763 730 1791 a
768 1763 814 1791 se
854 1748 966 1802 ipso,
1015 1747 1133 1801 quod
1167 1778 1175 1787 .
1211 1778 1219 1787 .
1255 1778 1263 1786 .
1297 1746 1484 1787 multum
1527 1743 1733 1797 cogitavit
1770 1755 1901 1795 super
1932 1742 2016 1783 ista

249 1821 433 1864 materia
466 1824 511 1864 et
543 1825 764 1876 quantum
794 1820 896 1874 plus
929 1818 1103 1873 cogitat,
1137 1818 1257 1859 tanto
1289 1817 1462 1858 videtur
1495 1814 1579 1856 sibi
1612 1813 1745 1868 magis
1778 1812 2013 1855 conformis

248 1895 292 1936 et
323 1894 442 1937 bona
473 1907 552 1948 pro
586 1892 828 1935 universali
861 1892 978 1933 bono
1012 1889 1150 1932 Italic.

249 2047 328 2093 58.
378 2046 469 2089 Der
502 2046 615 2088 Rath
653 2061 729 2088 von
780 2044 819 2086 V
815 2045 958 2100 aneoli-q
998 2044 1235 2098 beauftrafjt
1274 2040 1493 2090 Gesandte,
1536 2038 1698 2079 Jolcaom
1729 2033 1898 2078 XXIII.
1941 2035 2025 2090 auf

177 2119 234 2161 25
249 2120 392 2162 dessen
422 2118 698 2160 Konzilsreise
730 2117 861 2158 durch
899 2114 1147 2157 Venezianer
1178 2112 1315 2156 Gebiet
1350 2127 1401 2153 zu
1434 2110 1647 2165 beqleitem
1688 2109 1744 2149 sie
1775 2107 1897 2147 sollen
1928 2105 2016 2146 sich

247 2206 376 2247 qeyen
413 2192 530 2233 einen
570 2190 726 2231 Besuclc
765 2189 835 2230 des
870 2187 1042 2243 Papstes
1078 2187 1123 2227 in
1163 2183 1339 2239 Venediy
1378 2197 1477 2224 usw.
1515 2179 1674 2221 wahren
1710 2177 1796 2219 und
1830 2176 1932 2228 falls
1972 2189 2016 2217 er

247 2262 352 2305 iiber
371 2260 416 2302 F
413 2263 549 2304 lorenz
569 2261 657 2304 und
676 2260 783 2302 Pisa
814 2260 892 2302 den
912 2258 1070 2314 Seewe9
1091 2256 1327 2310 einsclcld'yt,
1361 2254 1485 2295 sollen
1506 2253 1564 2293 sie
1585 2249 1668 2291 sicle
1691 2246 2011 2290 veo-abscln'eden.

914 2328 1027 2371 1414
1063 2326 1297 2383 September
1325 2323 1367 2366 6³.

322 2428 397 2463 Ans
426 2427 678 2462 Staatsarcleiv
711 2425 874 2471 Venediy,
903 2421 1173 2458 Deliberazioni
1196 2420 1255 2455 del
1279 2418 1410 2453 Senato
1440 2416 1501 2450 Bd.
1527 2415 1550 2449 6
1565 2415 1634 2460 fol.
1661 2413 1728 2447 8υ.

181 2535 238 2577 30
371 2523 464 2566 Nos
486 2523 680 2567 Thomas
702 2522 930 2575 Mocenigo
954 2519 1035 2562 Dei
1067 2517 1207 2573 gratia
1239 2516 1326 2558 dux
1347 2512 1628 2557 Venetiarum
1659 2509 1739 2551 etc.
1804 2504 2014 2548 Commit-

250 2595 385 2637 timus
407 2594 534 2637 vobis
556 2594 781 2637 nobilibus
803 2592 909 2635 viris
934 2624 943 2633 .
963 2623 972 2632 .
993 2623 1002 2632 .
1027 2589 1200 2632 dilectis
1223 2587 1266 2629 et
1288 2582 1582 2627 honorabibus
1604 2579 1772 2622 civibus
1796 2575 2017 2628 nostris,1)

252 2667 372 2721 quod
409 2666 475 2708 ire
516 2665 719 2707 debeatis
759 2662 1006 2707 Bononiam
1044 2661 1099 2703 ad
1141 2659 1429 2712 conspectum
1471 2650 1628 2694 summi
1670 2647 1902 2703 pontificis,
1946 2646 2017 2688 cui

250 2735 516 2793 presentatis
554 2735 720 2778 nostris
760 2734 900 2777 literis
940 2730 1299 2780 credentialibus,
1351 2738 1460 2780 quas
1507 2722 1630 2765 vobis
1671 2719 1766 2762 dari
1816 2716 2014 2768 fecimus,

251 2808 470 2862 factisque
518 2805 1031 2849 recommendationibus
1084 2803 1128 2845 et
1175 2797 1472 2844 oblationibus
1518 2790 1773 2859 necessariis
1819 2786 2017 2831 debeatis

182 2949 237 2993 35
253 2949 418 2991 kommen.
461 2947 572 2982 Dann
596 2946 746 2994 spreche
763 2957 844 2980 man
860 2945 987 2988 davon,
1013 2944 1096 2978 dass
1114 2938 1286 2976 Benedikt
1301 2935 1401 2972 XIII.
1420 2935 1572 2970 kommen
1587 2930 1721 2972 werde3
1747 2929 1821 2971 Quo
1838 2928 1869 2963 el
1888 2936 2016 2972 senyor

253 3019 316 3054 roy
341 3008 385 3043 de
412 3008 556 3053 Aragon
581 3006 614 3040 le
641 3006 743 3041 envia
768 3005 878 3040 multo
906 3002 1207 3039 honorablement.
1257 2996 1400 3031 Archiv¹
1417 2995 1481 3029 der
1507 2992 1625 3027 Krone
1651 3001 1718 3025 von
1742 2988 1900 3033 Araqon.

375 3068 402 3113 ¹)
426 3065 538 3101 Nic-kt
559 3070 726 3114 yenannt.
781 3064 943 3100 Gewc'ilclt
965 3062 990 3098 2
1014 3064 1170 3098 oratores
1194 3058 1258 3093 mit
1280 3056 1299 3091 1
1325 3054 1445 3090 Notar
1469 3051 1541 3088 und
1562 3051 1586 3086 3
1611 3047 1796 3085 domicelli.
