2216 3432
495 147 536 185 E.
579 148 782 194 sigismund
808 152 880 187 und
906 154 967 189 der
990 157 1204 202 griechische
1228 162 1352 197 Kaiser
1376 165 1520 202 Manuel.
1562 169 1620 207 Nr.
1647 171 1722 206 112.
1895 166 1976 208 395

245 253 321 295 wie
352 252 418 295 die
455 251 689 311 Thdtiykeit
718 256 791 298 der
827 257 1070 305 Venezianer
1107 266 1164 306 im
1194 265 1336 310 Orient
1371 271 1480 313 lahm
1514 274 1642 330 yeleyt
1675 277 1831 319 werden
1859 248 2005 324 Ιιταπη.Ι

930 332 1061 387 (1412
1090 334 1328 392 Ενᾶἢφάἠν.)

316 406 348 441 Β
373 418 437 442 aus
468 407 550 443 eod.
576 407 761 445 Palatinus
788 410 853 446 701
870 413 939 459 fol.
964 414 1160 452 254-256.

364 492 656 535 serenissime
688 495 906 550 princeps,
939 498 1070 541 frater
1101 503 1247 543 noster
1269 505 1498 547 carissime.
1553 508 1681 549 Novit
1712 510 1820 552 clare
1844 515 1981 554 vestre

137 618 140 621 Δ
202 561 532 606 5fraternitatis
564 564 810 619 integritas,
842 569 982 622 quod,
1024 584 1121 612 cum
1152 586 1177 613 a
1208 574 1372 616 dudum
1408 576 1519 618 inter
1551 591 1628 619 nos
1667 581 1710 620 et
1741 593 1815 622 vos
1846 582 1983 635 vigeat

244 633 493 677 dilectionis
525 635 724 690 affectus,
757 639 891 680 vestri
923 642 1136 683 commodi
1168 644 1210 684 et
1240 644 1416 687 honoris
1447 646 1710 689 incrementa
1736 662 1822 691 non
1843 651 1983 693 minus

243 717 377 759 quam
408 706 591 760 propria
622 708 871 761 aspicimus.
943 711 1139 753 Delectat
1170 726 1325 768 nempe
1364 728 1443 757 nos
1473 718 1594 758 vobis
1635 719 1688 759 de
1720 721 1863 761 nostre
1895 720 1984 762 feli-

243 776 386 818 citatis
420 778 652 820 eventibus
685 792 800 821 nova
833 781 1089 835 describere,
1129 784 1251 825 sicud
1282 784 1463 827 firmiter
1499 788 1724 841 credimus,
1763 791 1878 844 quod
1909 805 1983 831 vos

243 848 398 890 avidos
446 850 597 891 nostre
644 851 948 904 prosperitatis
996 856 1176 895 eventus
1224 855 1356 897 efficit
1407 857 1641 898 auditores.
1717 859 1887 901 Venetis
1929 861 1984 901 si-

175 919 228 960 10
242 919 422 973 quidem
456 919 637 962 fortuna
667 922 885 964 retroacto
924 924 1121 978 tempore
1153 938 1361 980 prospera
1400 928 1637 980 nuntiante,
1676 930 1867 971 fecerunt
1904 930 1983 972 sibi

242 1003 409 1033 cornua
440 991 596 1043 ferrea,
630 1005 729 1034 cum
760 993 921 1046 quibus
957 995 1097 1036 totum
1138 996 1285 1037 orbem
1318 998 1496 1039 credunt
1526 999 1731 1041 ventilare
1762 1001 1805 1041 et
1835 1000 1984 1041 elevati

241 1061 289 1104 in
320 1062 531 1116 superbia
569 1077 727 1118 magna
757 1065 885 1106 valde
924 1065 968 1106 in
1004 1066 1171 1120 magnis
1210 1068 1252 1108 et
1288 1068 1555 1109 mirabilibus
1593 1082 1723 1123 supra
1755 1083 1799 1111 se
1838 1070 1984 1110 ambu-

242 1133 400 1187 lantes,
433 1135 834 1189 quotienscumque
867 1137 1028 1177 statum
1062 1137 1240 1178 alicuius
1274 1138 1391 1191 regni
1423 1140 1497 1179 aut
1527 1138 1709 1192 regionis
1740 1139 1782 1180 in
1806 1140 1982 1180 circuitu

242 1218 322 1247 suo
354 1205 525 1248 turbari
557 1209 893 1259 conspexerunt,
926 1207 1125 1261 protinus
1158 1207 1308 1261 globos
1341 1210 1603 1250 armatorum
1631 1222 1806 1250 suorum
1837 1210 1878 1250 et
1908 1209 1985 1250 fal-

174 1274 225 1316 15
242 1289 338 1318 cem
369 1275 415 1317 in
447 1289 641 1318 messem
682 1277 869 1319 alienam
908 1278 1135 1330 miserunt,
1170 1279 1216 1319 ut
1255 1278 1315 1319 rei
1355 1279 1478 1321 docet
1516 1279 1743 1320 evidentia.
1807 1279 1985 1329 Quantis

242 1348 390 1389 autem
423 1347 595 1389 iniuriis
629 1349 672 1389 et
704 1348 880 1389 iacturis
912 1350 1243 1402 predecessores
1274 1351 1442 1390 vestros
1474 1351 1516 1391 et
1546 1363 1620 1392 vos
1652 1349 1801 1391 Veneti
1831 1349 1913 1402 ipsi
1943 1349 1985 1389 in

240 1418 534 1472 usurpatione
568 1420 611 1460 et
643 1419 929 1474 occupatione
961 1421 1174 1462 bonorum
1208 1421 1251 1460 et
1282 1419 1440 1460 iurium
1478 1419 1645 1473 imperii
1676 1419 1804 1460 vestri
1842 1418 1983 1460 multi—

240 1490 416 1544 pliciter
438 1490 678 1543 affecerint,
701 1491 932 1544 presertim
956 1490 1165 1532 Candiam
1197 1490 1301 1532 alias
1329 1490 1513 1542 Cretam,
1537 1489 1573 1530 Ν
1578 1489 1789 1542 igropont‚
1813 1489 1984 1530 Mothon

240 1562 285 1603 et
328 1561 476 1603 Coron
515 1561 561 1602 in
597 1561 748 1603 Morea
778 1562 992 1603 violenter
1030 1561 1283 1614 occupando
1321 1574 1398 1614 per
1434 1559 1692 1601 tirannidem
1724 1561 1888 1613 suam“)
1925 1558 1984 1598 fe-

169 1631 227 1673 20
241 1630 355 1674 cisse
393 1632 684 1685 arbitrantur,
725 1635 768 1674 et
809 1633 1029 1686 quomodo
1063 1632 1274 1673 civitatem
1309 1630 1726 1683 Constantinopolim
1756 1628 1982 1679 thesauris,

240 1716 349 1745 auro
382 1705 427 1745 et
460 1704 651 1757 argento.
686 1704 869 1758 gemmis
911 1705 953 1745 et
984 1703 1200 1757 lapidibus
1233 1702 1433 1756 pretiosis
1473 1702 1514 1742 et
1551 1698 1793 1741 sanctuaria
1822 1698 1982 1739 ibidem

239 1774 440 1828 reliquiis
464 1774 626 1816 sanctis
650 1776 693 1816 et
716 1774 924 1817 clenodiis
946 1773 1269 1828 pretiosissimis
1293 1774 1334 1813 et
1354 1771 1584 1813 monilibus
1605 1769 1780 1810 infinitis
1798 1769 1982 1809 detesta-

238 1845 387 1887 biliter
419 1845 678 1899 spoliarunt,
714 1846 840 1887 nobis
874 1859 962 1886 non
994 1844 1169 1898 expedit
1198 1857 1274 1884 vos
1306 1842 1439 1895 magis
1471 1841 1675 1902 scientem
1697 1840 1738 1880 et
1759 1839 1981 1879 certiorem

239 1916 437 1958 edocere.
494 1916 693 1967 Quantas
726 1917 858 1958 etiam
890 1916 1198 1969 usurpationes
1230 1913 1374 1955 hostili
1407 1912 1572 1955 feritate
1602 1911 1645 1951 in
1677 1922 1805 1962 regno
1828 1907 1982 1960 Apulie

167 1987 223 2029 25
240 1988 574 2042 attemptarunt,
617 1987 750 2029 rebus
790 1987 1138 2029 monstrantibus
1184 1998 1272 2026 non
1317 1984 1438 2025 decet
1476 1981 1598 2023 nobis
1637 1990 1981 2021 commemorare.

239 2059 329 2101 Sed
360 2058 500 2112 quid?
552 2058 671 2100 Inter
702 2059 783 2099 hec
820 2071 910 2101 non
942 2057 1068 2111 longe
1106 2056 1312 2110 preterito
1352 2056 1546 2106 tempore
1586 2051 1629 2092 in
1669 2062 1796 2103 regno
1833 2048 1977 2124 nostro

238 2129 433 2184 quadam
470 2129 684 2171 seditione
728 2129 937 2170 suscitata
978 2127 1276 2182 apposuerunt
1315 2136 1468 2166 manus
1506 2121 1751 2189 ambitiosas
1799 2118 1853 2159 ad
1891 2128 1981 2157 iura

238 2214 401 2243 corone
440 2200 563 2254 regni
600 2200 739 2241 nostri
774 2199 1015 2253 Hungarie,
1054 2198 1229 2240 Jadram
1261 2198 1303 2238 et
1340 2194 1422 2236 alia
1459 2194 1551 2235 loca
1589 2191 1633 2232 in
1669 2202 1800 2243 regno
1832 2188 1979 2228 nostro

238 2271 457 2314 Dalmatie
488 2273 654 2313 temere
686 2272 966 2324 usurpantes,
997 2282 1141 2323 ymmo
1183 2268 1311 2308 etiam
1345 2264 1550 2306 effrenata
1581 2257 1981 2334 cupiditateeertas

167 2343 224 2385 30
237 2342 435 2385 civitates
466 2342 657 2384 Romani
697 2341 868 2395 imperii
900 2342 1052 2394 utpote
1085 2338 1298 2390 Paduam,
1331 2337 1541 2378 Veronam
1572 2333 1614 2373 et
1644 2330 1909 2372 Vincentlam
1941 2327 1982 2366 et

237 2413 325 2454 alia
371 2413 469 2454 loca
515 2425 733 2466 occupare
780 2410 1145 2466 presumpserunt
1189 2406 1395 2462 proximis
1440 2402 1707 2456 temporibus
1753 2400 1795 2439 et
1834 2396 1982 2438 tenent

235 2482 518 2537 pertinaciter
558 2484 808 2536 occupatas,
841 2481 1024 2524 vicarios
1064 2479 1309 2533 imperiales
1353 2477 1394 2517 et
1430 2484 1705 2548 possessores
1750 2466 1981 2543 earundem

234 2553 429 2608 tyranice
462 2553 724 2606 amovendo,
756 2552 972 2606 quosdam
1000 2564 1103 2593 vero
1137 2562 1187 2591 ex
1219 2548 1325 2602 ipsis
1357 2545 1543 2600 quadam
1577 2540 1695 2584 ferali
1726 2535 1978 2611 sententiaff)

235 2624 376 2665 morte
417 2621 675 2676 turpissima
714 2622 1002 2676 opprobriose
1041 2617 1429 2672 condempnarunt.
1492 2614 1545 2655 Et
1576 2612 1678 2652 dum
1698 2610 1787 2687 ‘hec
1827 2607 1868 2646 et
1898 2604 1980 2646 aha

165 2696 220 2740 35
237 2692 483 2748 arrogantie
516 2693 560 2735 et
590 2692 874 2747 malignitatis
901 2693 1166 2734 Venetorum
1197 2690 1389 2742 ipsorum
1420 2684 1558 2726 iacula
1590 2678 1978 2755 conslderassemus

236 2767 280 2808 et
318 2764 373 2807 de
413 2763 566 2805 innata
605 2763 734 2805 nobis
775 2762 1115 2805 mansuetudine
1158 2756 1505 2801 emendationem
1542 2753 1586 2793 in
1624 2758 1843 2824 premlssls
1879 2744 1978 2820 lior-

235 2835 402 2879 tatione
433 2833 649 2888 premissa
679 2832 861 2887 pacifice
900 2833 1270 2887 expectassemus,
1309 2827 1367 2869 nil
1408 2823 1580 2879 penitus
1616 2817 1796 2896 profe-<nt
1826 2814 1976 2856 lessltaS

236 2906 502 2958 exuberanS‚
544 2903 755 2958 quoniam
801 2903 950 2958 potius
998 2901 1130 2944 corda
1171 2912 1250 2942 sua
1287 2895 1420 2959 magis
1467 2894 1508 2934 et
1546 2902 1678 2942 magis
1710 2881 1975 2940 obdurando,

353 3048 383 3085 st)
403 3052 465 3078 sua
481 3045 521 3075 Β.
570 3043 604 3087 b)
623 3042 743 3081 semia
761 3043 800 3081 Β,
