2216 3432
96 50 106 59 ⁴
127 41 190 64 «μ’
221 42 230 66 χ’
258 42 285 47 ’κ
399 62 402 63 ⁷

454 133 494 170 G.
532 133 597 168 Die
622 133 862 169 franzfisische
887 135 1164 172 Gesandtschaft
1188 149 1264 173 zum
1292 140 1490 174 romischen
1518 141 1658 178 Konzil.
1694 143 1755 179 Nr.
1781 144 1836 180 34.
1950 135 2026 177 151

260 244 447 298 propter
478 242 725 296 sequelam,
757 242 861 296 quia
892 243 1108 297 protinus,
1142 247 1191 287 ut
1214 245 1353 297 aiunt,
1385 247 1624 302 imperator
1638 248 1673 305 1)
1703 251 1747 292 et
1780 264 1854 292 rex
1875 251 2031 306 Anglie

258 327 311 357 ac
344 313 480 356 ceteri
517 313 744 368 principes
776 315 922 356 vestre
954 315 1212 358 obediencie
1254 317 1407 371 gratiis
1439 319 1590 361 volent
1634 320 1767 373 potiri
1801 310 2030 364 similibus.

257 386 347 437 Qui
379 385 416 427 si
449 385 567 426 iuste
605 385 675 427 vel
717 385 882 426 iniuste
925 385 970 427 id
1014 388 1234 439 peterent,
1279 402 1367 430 non
1400 388 1622 441 discernO,
1668 392 1744 433 sed
1776 391 1813 432 si
1844 393 1926 434 hoc
1958 394 2032 435 de-

255 457 508 511 poscerent,
542 469 631 498 non
661 455 885 511 videturst)
918 456 1185 510 quibusdam
1218 472 1374 500 sanum
1412 459 1506 501 fore
1546 474 1627 502 nec
1659 461 1766 503 utile
1799 463 2031 505 consilium

214 527 322 571 5eis
353 528 423 570 his
457 526 666 582 diebus2)
700 527 920 581 denegari.
985 528 1104 578 Quid
1136 529 1332 583 insuper,
1367 530 1512 584 inquit
1546 532 1670 583 alter,
1705 533 1740 573 si
1764 533 2031 576 Francorum

256 613 348 651 rex,
381 612 482 641 cum
515 612 613 640 sese
644 598 805 640 viderit
847 600 937 640 tam
982 600 1139 641 devota
1185 614 1234 642 ac
1274 602 1464 654 supplici
1508 602 1763 644 frustratum
1805 604 2031 657 petitione,

256 672 454 725 ipsorum
488 670 773 724 imperatoris
808 671 1000 725 etregis
1034 670 1192 724 Anglie
1224 671 1365 713 instar
1397 672 1554 723 faciat,
1594 674 1726 715 immo
1759 675 2032 716 solummodo

255 741 533 793 consenciat,
568 741 828 783 collationes
860 741 1180 783 beneficiorum
1213 743 1281 784 sui
1316 743 1437 797 regni
1477 757 1649 786 necnon
1682 743 2032 787 confirmationes

254 814 582 868 prelaturarum
645 814 1004 867 dignitatumque
1057 814 1255 855 omnium
1318 815 1438 868 apud
1490 816 1736 857 ordinarios
1789 830 2032 868 remanere,

187 885 239 927 10
256 885 441 927 maxime
489 898 637 926 rerum
687 886 980 939 motuumque
1030 885 1319 937 dispositione
1367 888 1576 938 pensata,
1626 887 1704 927 sed
1752 887 2028 940 potissimum

254 970 369 1007 cum,
402 970 492 998 non
526 957 593 998 est
627 956 773 1007 diu3),
818 957 870 998 ad
907 955 1113 1009 antiquas
1147 955 1450 1012 liber-tates4),
1496 957 1559 998 ita
1600 971 1673 998 eas
1707 957 1816 998 Galli
1862 959 2030 1009 vocant,

255 1031 347 1070 tam
387 1028 556 1082 digesto
595 1028 730 1070 totius
774 1028 895 1080 regni
943 1041 992 1069 ao
1034 1028 1206 1069 maturo
1250 1028 1435 1070 consilio
1474 1028 1528 1069 sit
1569 1028 1781 1078 reditum,
1827 1030 1870 1069 et
1912 1030 2032 1070 carta

255 1099 427 1154 patenti
458 1099 580 1153 regia
611 1098 1010 1152 confi1·1natum?5)
1064 1099 1206 1149 Quam
1241 1101 1419 1151 cartam,
1453 1101 1500 1140 ut
1523 1100 1569 1141 in
1602 1098 2033 1141 aure'sacratissima

255 1171 431 1224 loquar,
470 1183 551 1224 pro
595 1170 716 1212 omni
752 1170 963 1212 dilatione
1007 1184 1096 1211 non
1129 1171 1267 1211 restat
1308 1170 1392 1211 nisi
1431 1184 1483 1211 ex
1528 1171 1773 1212 litterarum
1816 1170 2030 1223 regiarum

188 1241 239 1282 15
255 1243 464 1284 thesauro
499 1255 736 1292 assumere,
772 1243 811 1283 et
846 1241 966 1283 illam
999 1242 1068 1282 vel
1102 1240 1195 1282 eius
1220 1243 1458 1294 sumptum,
1493 1239 1760 1295 quatenus¹')
1794 1239 2033 1294 apostolico

255 1327 377 1356 more
410 1313 568 1366 dicam,
601 1313 748 1355 facere
779 1312 1012 1367 publicari.

374 1386 485 1427 Item
519 1398 673 1427 rursus
708 1385 889 1438 sequela
932 1384 1115 1425 timetur
1149 1384 1446 1438 subditurque
1480 1384 1638 1434 altera,
1682 1383 1798 1436 quod
1830 1395 1917 1423 non
1950 1382 2033 1422 erit

256 1455 462 1499 dominus
496 1458 892 1510 quantumcunque
934 1456 1109 1510 parvuli
1143 1455 1296 1509 oppidi
1329 1456 1396 1496 vel
1437 1455 1788 1508 tyrannunculus
1828 1454 1874 1494 in
1907 1452 2033 1494 Italia

0 1526 19 1587 ᾗ)
257 1528 334 1570 aut
367 1527 492 1580 alibi,
531 1528 607 1581 qui
649 1541 738 1569 non
779 1526 877 1581 pari
916 1526 1077 1581 gratia,
1126 1527 1245 1580 quod
1276 1526 1554 1579 indignanter
1587 1525 1748 1576 refero,
1791 1537 1891 1565 cum
1931 1535 2031 1576 rege

0 1588 13 1659 J
186 1598 526 1641 QOFrancorum
574 1598 680 1641 velit
719 1598 794 1640 uti.
859 1598 1053 1640 Ratione
1098 1597 1223 1639 cuius
1265 1598 1485 1651 queritur,
1529 1596 1564 1637 si
1605 1610 1679 1636 rex
1711 1594 1892 1636 Francie
1932 1606 2033 1646 erga

0 1672 10 1713 k
258 1683 479 1712 summum
512 1669 769 1723 pontificem
802 1672 845 1711 et
876 1670 986 1711 tales
1026 1668 1340 1722 tyrannuneuli
1374 1668 1544 1721 simul‘)
1578 1666 1726 1708 forsan
1748 1666 2029 1716 interessent,

0 1764 14 1780 »u
258 1754 315 1783 an
347 1742 589 1795 equitando
623 1742 750 1784 freno
784 1741 997 1783 ducerent
1037 1741 1247 1794 protextu
1286 1738 1532 1781 devotionis
1572 1751 1621 1779 ac
1654 1738 1821 1779 fervore
1854 1735 2031 1776 niveum

256 1814 481 1855 vectorem
514 1813 677 1855 summi
714 1812 959 1866 pontificis,
1000 1811 1129 1853 sicuti
1170 1810 1260 1864 regi
1293 1810 1559 1851 Francorum
1602 1821 1680 1862 per
1721 1808 1933 1848 honorem
1964 1805 2030 1846 in-

0 1845 22 1941 ξ
257 1882 549 1940 cumberetd),
582 1886 659 1926 aut
691 1884 828 1937 pedes
862 1883 1008 1925 eundo
1042 1882 1240 1923 fimbrias
1275 1883 1494 1923 extremas
1527 1879 1698 1934 papalis
1731 1890 1884 1931 cappe,
1911 1876 2031 1930 quod

0 1956 28 2015 ’ξ
185 1954 241 1996 ,⁶25
257 1956 443 1998 caudam
473 1958 662 2011 portare
707 1954 1004 2010 nomi11a11t,⁶)
1048 1952 1438 2007 proportionaliter
1486 1952 1541 1993 ad
1567 1963 1711 1992 'suam
1760 1948 2031 1990 maiestatem

0 2015 27 2112 ξ
255 2027 509 2081 integritate
540 2028 622 2070 zeli
654 2027 801 2069 filialis
823 2040 1073 2069 <accensam
1115 2024 1370 2067 deferrent?
1434 2023 1613 2064 Certum
1645 2023 1735 2069 est,
1779 2019 1897 2073 quod
1930 2030 2031 2069 non,

257 2111 340 2140 nec
382 2112 484 2141 cum
526 2098 672 2153 primo
716 2098 895 2141 domino
938 2096 1152 2139 cardinali
1196 2097 1406 2151 preterea
1447 2094 1651 2147 contigue
1690 2092 1737 2133 in
1773 2102 1925 2132 mensa
1957 2090 2033 2130 aut

0 2119 24 2213 a
258 2169 379 2222 alibi,
413 2171 533 2224 quod
564 2170 729 2212 faceret
761 2184 838 2212 rex
869 2168 1068 2220 Francie,
1102 2167 1363 2210 assiderent.
1378 2164 1414 2222 7)

378 2241 503 2294 Quis,
534 2241 732 2295 inquam,
765 2240 965 2283 omnium
998 2239 1253 2293 principum
1287 2237 1602 2280 catholicorum
1624 2234 1793 2287 primus
1827 2230 2033 2274 unionem

187 2312 245 2354 30
259 2313 447 2355 ecclesie
491 2313 780 2367 procuravit?
862 2313 958 2354 Rex
1011 2311 1209 2353 Francie.
1285 2309 1394 2360 Quis
1455 2303 1803 2359 congregationis
1863 2300 2032 2343 concilii

259 2383 426 2438 Pisani,
459 2385 578 2426 unde
602 2386 689 2426 stat
710 2384 830 2437 unio,
860 2397 945 2438 que
969 2384 1158 2437 sequuta
1180 2383 1260 2433 est,
1293 2393 1426 2421 causa
1447 2378 1529 2420 fuit
1554 2376 1766 2431 precipua
1787 2375 1830 2415 et
1851 2370 2031 2414 totalis?

377 2550 408 2585 a)
428 2549 585 2577 videntur
604 2549 728 2576 Druck.
766 2549 798 2582 b)
819 2548 929 2576 Dieses
955 2547 1044 2575 Wort
1063 2545 1144 2580 fehlt
1164 2544 1286 2572 Druck.
1325 2544 1354 2578 c)
1375 2542 1502 2570 similes
1523 2540 1644 2569 Druck.
1682 2539 1712 2573 d)
1733 2537 1937 2566 incomberet
1956 2536 1992 2562 Β.

379 2608 409 2656 1)
434 2609 551 2655 Kb'niy
578 2608 784 2655 Siyismund
807 2609 897 2642 nacla
922 2607 1167 2641 romanisclzer
1192 2603 1518 2639 Ausdrucksweise.

379 2668 406 2713 2)
437 2668 566 2714 Weyen
590 2669 655 2702 der
681 2668 892 2703 schwaclzen
917 2666 1078 2711 Stelluny
1104 2666 1164 2699 des
1190 2664 1425 2710 Papsttlcums.

187 2733 243 2776 35
379 2727 407 2772 ¹³)
431 2726 652 2774 Anspz'eluny
691 2727 759 2764 auf
789 2727 845 2760 die
873 2725 1130 2760 Ordonnanzen
1160 2735 1237 2758 vom
1261 2722 1372 2756 „salire
1400 2719 1502 2755 1407.
1559 2719 1631 2764 Vyl.
1658 2717 1859 2760 Eitzleituny
1886 2714 1924 2748 S.
1954 2713 2029 2747 116.

379 2787 408 2831 4)
432 2786 476 2821 In
500 2787 566 2821 der
596 2786 760 2822 Urkunde
787 2786 899 2820 hez'sst
922 2796 978 2820 es.-
1004 2785 1047 2818 ad
1074 2795 1172 2818 suam
1199 2783 1383 2827 pristinam
1411 2783 1444 2814 et
1470 2779 1670 2813 canonicam
1699 2777 1904 2810 libertatem.

378 2846 407 2891 ⁵)
438 2845 603 2881 Urlcunde
629 2853 707 2880 vom
733 2844 789 2880 15.
819 2845 893 2879 Mai
916 2843 1010 2878 1408
1034 2844 1070 2877 in
1095 2843 1161 2877 den
1184 2841 1354 2883 I’reuves,
1379 2839 1470 2885 Καρ.
1495 2836 1543 2870 22
1568 2836 1631 2870 Nr.
1659 2834 1713 2868 10.

380 2906 409 2950 ⁰)
441 2904 556 2940 Ueber
581 2905 637 2940 die
664 2906 741 2939 hier
765 2904 1027 2950 yesehz‘lderten
1054 2901 1496 2944 Devotionsbeceuyunyen
1522 2896 1586 2929 cler
1610 2892 1879 2930 franziffsiselaen
1896 2890 2030 2935 Kb'niye

257 2963 326 2999 den
349 2963 507 3011 Pc'ipsten.
529 2964 732 3010 yeyenu'ber
758 2963 847 2998 habe
872 2963 931 2998 ich
957 2962 1070 2996 nic-lats
1088 2961 1210 3006 finden
1237 2958 1381 2992 konnen.

139 3024 143 3028 ’
185 3024 247 3070 40
384 3024 410 3070 ⁷)
436 3023 615 3060 Dasselbe
642 3022 759 3060 Reclzt
781 3022 901 3059 hatten
926 3021 1017 3057 auch
1042 3021 1106 3056 der
1130 3018 1263 3054 Kaiser
1286 3016 1358 3053 und
1379 3011 1435 3049 die
1461 3013 1598 3048 andern
1619 3011 1766 3059 Kb'niqe.
