2216 3432
255 185 311 228 34
664 193 691 228 1.
717 192 913 227 Abschnitt.
963 186 1389 234 unionsverhandlungen
1413 186 1468 224 bis
1496 187 1597 227 1413.

380 301 445 356 [3]
508 301 620 342 Item
654 299 767 340 dicet
798 297 894 349 sibi,
927 297 1045 350 quod
1077 294 1276 337 dominus
1307 295 1459 338 noster
1489 307 1619 349 papa,
1651 294 1755 338 licet
1786 294 1882 338 eius
1912 307 2012 349 per-

263 372 455 414 sonalem
488 369 694 412 noticiam
726 380 812 408 non
843 366 1010 417 habuit,
1042 367 1190 406 tamen
1220 366 1401 418 propter
1429 364 1572 417 illam,
1604 377 1739 419 quam
1769 364 1925 408 habuit
1955 365 2011 407 de

257 441 343 483 illis
377 441 429 482 de
461 452 616 492 genere
654 451 732 479 suo
774 439 818 478 et
853 437 953 490 plus
987 434 1203 476 relacione
1236 447 1369 488 quam
1414 435 1631 489 corporali
1672 434 2010 478 conversacione

254 513 296 553 et
327 512 504 563 propter
543 510 701 550 bonam
742 509 785 548 et
831 518 1032 558 magnam
1069 504 1334 556 amiciciam,
1381 517 1468 558 que
1503 505 1587 547 fuit
1627 506 1743 548 inter
1783 505 2009 547 dominum

253 579 500 633 Egidium1)
533 579 753 631 quondam
785 576 1048 618 cardinalem
1074 577 1117 615 et
1141 574 1366 615 dominum
1389 574 1561 629 Lupum
1587 575 1640 617 de
1664 574 1834 626 Luna2)
1867 570 2050 616 archi-5

256 649 509 703 episcopum
538 648 977 699 Cesaraugustensem
1010 647 1052 685 et
1084 645 1193 685 alios
1227 645 1279 686 de
1311 657 1469 697 genere
1500 644 1637 699 ipsius
1671 644 1836 687 domini
1867 643 2010 686 nostri

255 732 368 773 pape
401 731 499 759 cum
529 717 616 758 illis
650 717 702 757 de
735 729 890 768 genere
923 715 1108 768 predicti
1144 713 1309 755 domini
1342 715 1501 766 Caroli,
1535 717 1578 756 et
1609 715 1797 756 maxime
1828 715 2010 768 propter

253 789 340 840 illa,
374 801 457 842 que
490 788 543 828 de
575 785 833 840 prudencia,
866 785 1092 836 fidelitate,
1126 783 1376 825 constancia
1413 786 1456 825 et
1488 784 1724 826 devocione
1758 785 2010 839 specialiter

254 860 309 901 ad
341 859 585 899 Romanam
623 856 850 897 ecclesiam
892 868 1012 896 more
1050 854 1415 907 predecessorum
1457 867 1636 896 suorum
1677 855 1876 909 percepit
1907 868 2008 898 eum

251 929 437 980 habere,
485 928 613 981 plane
661 927 713 967 de
763 926 858 978 ipso
907 924 1085 966 confidit
1133 937 1214 965 nec
1261 926 1412 977 posset
1459 925 1729 966 contrarium
1776 925 2008 979 suspicari,
2027 920 2081 962 10

253 998 436 1040 maxime
468 998 543 1038 ubi
576 997 628 1037 de
661 995 842 1037 ecclesie
875 996 1073 1037 Romane
1106 995 1267 1036 unione
1298 996 1525 1037 tractatur.

371 1067 435 1122 [4]
499 1068 607 1108 Item
645 1067 758 1107 dicet
795 1065 891 1117 sibi,
934 1066 1070 1118 quod,
1113 1064 1213 1106 licet
1251 1077 1367 1118 papa
1408 1065 1461 1106 de
1501 1066 1598 1118 ipso
1635 1066 1765 1120 plene
1803 1065 2008 1116 confidat,

255 1151 342 1179 non
375 1138 569 1188 miretur,
593 1138 629 1178 si
653 1136 783 1178 dubia
815 1137 858 1177 et
882 1135 1175 1186 difficultates,
1210 1149 1295 1188 que
1327 1135 1373 1176 in
1394 1137 1483 1177 tarn
1511 1136 1760 1189 periculosa
1791 1138 1833 1178 et
1855 1138 2008 1190 grandi

252 1208 433 1249 materia
465 1208 576 1248 clare
607 1206 740 1254 videt,
773 1206 854 1246 sibi
888 1206 1073 1249 intimet.
1108 1207 1166 1251 ut,
1200 1208 1438 1259 antequam
1471 1206 1663 1259 dampna
1695 1206 1874 1258 feriant,
1907 1221 2008 1261 pre-

251 1278 344 1319 visa
390 1277 582 1318 remedia
628 1278 933 1329 preparentur.
1008 1275 1297 1317 Difficultates
1346 1277 1463 1317 enim
1512 1278 1555 1318 et
1602 1276 1798 1330 pericula
1837 1278 1883 1319 in
1924 1270 2076 1321 ista15

253 1347 435 1388 materia
468 1347 669 1388 dominus
701 1349 850 1387 noster
886 1359 1001 1399 papa
1034 1347 1181 1396 debet,
1221 1346 1422 1399 quamvis
1456 1360 1543 1388 non
1581 1361 1607 1390 a
1644 1347 1860 1402 principio
1892 1348 2006 1390 bene

252 1417 506 1470 providerit,
539 1417 667 1458 modo
701 1417 851 1457 saltem
892 1419 933 1457 et
966 1417 999 1456 si
1034 1429 1120 1457 non
1154 1418 1307 1457 doctus
1346 1418 1500 1459 saltem
1532 1419 1675 1460 tactus
1714 1419 1842 1472 longa
1874 1432 2007 1473 expe-

252 1488 415 1528 riencia
446 1487 701 1540 presentire.
765 1487 923 1528 Credat
964 1500 1064 1539 ergo
1106 1490 1308 1539 experto,
1350 1489 1466 1541 quod
1507 1487 1683 1530 difficile,
1726 1491 1844 1531 recte
1875 1489 2006 1543 perfi-

250 1557 381 1609 citur,
430 1557 547 1610 quod
594 1558 786 1609 undique
833 1558 1054 1598 tantorun'i
1094 1557 1267 1599 malicia
1307 1559 1607 1611 perturbatur.
1685 1560 1763 1601 Set
1810 1572 1864 1601 ne
1911 1559 2006 1614 i-pse

250 1627 452 1668 dominus
497 1628 676 1668 Carolus
720 1628 887 1676 credat,
931 1641 1016 1680 que
1061 1628 1176 1669 dicta
1210 1631 1326 1680 sunt,
1371 1629 1583 1671 inutiliter
1617 1630 1812 1681 suaderi,
1851 1623 2077 1683 pauciSQO

249 1697 456 1750 exemplis
505 1698 557 1739 de
606 1698 914 1749 preteritorum
962 1698 1093 1749 gestis
1142 1699 1357 1751 premissa
1408 1700 1664 1752 probantur.
1744 1700 1855 1742 Nam
1904 1714 2005 1742 cum

248 1769 444 1820 prefatus
478 1767 678 1809 dominus
712 1771 863 1809 noster
895 1781 1029 1820 papa‚
1069 1769 1142 1822 qni
1176 1782 1199 1810 a
1233 1769 1447 1823 principio
1486 1783 1563 1812 sue
1595 1771 1917 1825 assumpcionis
1949 1772 2006 1814 ad

246 1840 477 1890 papatum,
510 1851 640 1891 quam
683 1852 760 1879 nec
793 1838 885 1891 ipse
921 1853 1000 1880 uec
1033 1839 1143 1880 alins
1176 1853 1254 1893 pro
1288 1854 1339 1881 eo
1372 1841 1642 1893 procuravit,
1676 1843 1743 1883 set
1774 1843 1874 1895 post
1906 1841 2003 1883 diu-

248 1910 422 1949 turnam
455 1909 847 1950 contradictionem
879 1909 949 1950 rix
988 1912 1214 1964 acceptare.
1248 1910 1445 1966 x⁷oltlit,³)
1487 1912 1542 1953 ad
1585 1911 1827 1954 uniendum
1866 1912 2004 1954 eccle-

246 1977 353 2019 siam
385 1981 426 2019 et
460 1979 616 2019 scisma
655 1979 896 2020 tollendum
941 1993 986 2021 se
1026 1981 1285 2034 disponens„
1325 1982 1443 2035 quod
1484 1996 1509 2024 a
1545 1982 1764 2036 principio
1806 1982 2003 2024 eiusdem
2019 1974 2073 2016 25

247 2048 459 2089 scismatis
492 2048 653 2089 sactum
678 2049 833 2100 fuerat,
867 2063 963 2090 cum
991 2051 1117 2092 l'etro
1151 2052 1203 2092 de
1228 2051 1565 2106 'ruomacellis4)
1598 2055 1642 2094 et
1673 2052 2004 2095 successoribus

251 2119 340 2158 suis
374 2118 565 2159 diversos
598 2120 711 2172 cepit
743 2133 918 2162 movere
959 2122 1168 2162 tractatus
1207 2125 1245 2163 et
1288 2136 1360 2163 eos
1400 2136 1486 2163 non
1531 2122 1629 2165 ficte
1668 2125 1734 2165 set
1766 2137 1866 2166 vere
1904 2137 2004 2177 pro-

249 2188 374 2241 sequi
420 2190 464 2230 et
503 2190 694 2231 intrusos
734 2192 981 2232 successive
1024 2191 1202 2233 incitate
1245 2195 1374 2246 atque
1414 2196 1631 2248 oportune
1673 2197 1718 2236 et
1749 2195 2003 2248 importune

246 2259 480 2311 requirere,
515 2263 563 2301 nt
597 2261 758 2302 vellent
792 2262 894 2302 dare
929 2263 1117 2303 modum.
1155 2264 1273 2316 qued
1310 2263 1385 2304 Dei
1420 2264 1604 2306 eeclesia
1637 2265 1849 2316 uniretur,
1896 2277 2004 2318 quo-

250 2329 375 2369 modo
424 2330 717 2371 detractorum
751 2331 937 2373 sinistris
979 2333 1422 2386 iiiterpretacionibus
1470 2334 1740 2385 diffamatus,
1783 2326 2075 2389 quomodo30

249 2399 490 2440 emulorum
538 2400 766 2441 fraudibus
815 2415 955 2455 usque
1004 2404 1059 2444 ad
1099 2404 1467 2446 incareraciouem
1514 2418 1701 2458 persone
1747 2418 1827 2459 per
1874 2405 2003 2460 quin-

247 2468 453 2520 quenium
486 2469 574 2510 sere
608 2470 739 2512 suerit
776 2471 1024 2524 impeditus.
1059 2474 1178 2515 velut
1211 2475 1316 2516 satis
1350 2476 1571 2517 notorium
1605 2489 1693 2518 non
1716 2476 1894 2530 expedit
1924 2488 2004 2530 per

248 2538 416 2591 singula
449 2540 643 2582 recitare.
694 2541 803 2583 Nam
828 2556 927 2583 curn
950 2543 1147 2596 prefatus
1182 2545 1383 2587 dominus
1416 2548 1565 2588 noster
1596 2559 1712 2601 papa
1736 2560 1761 2588 a
1782 2546 2002 2600 principio

361 2692 387 2732 ¹)
418 2690 492 2724 Der
520 2691 686 2725 bak-anuto:
715 2692 890 2728 Kardiual
914 2695 1106 2729 Amorum.

359 2749 386 2791 2)
415 2748 527 2794 Lupe:
560 2750 600 2782 (le
628 2750 736 2793 Luna,
768 2751 988 2798 limma-lay·
1016 2766 1079 2788 ron
1107 2754 1314 2801 Sctrayossa
1347 2768 1413 2790 von
1440 2757 1693 2799 1351-1382,
1727 2757 1908 2804 heyleitete
1937 2757 1999 2792 Ab
2016 2749 2071 2792 35

241 2805 372 2839 borno:
398 2807 463 2851 aelf
484 2808 599 2841 sce'ner
625 2815 740 2843 ersten
769 2810 936 2857 Lcyatiyn
964 2813 998 2844 ιίι
1023 2812 1159 2850 Italian,
1206 2813 1269 2859 [ill.
1303 2814 1422 2858 Wurm,
1453 2815 1626 2850 Cardinal
1640 2816 1835 2860 Albornoz,
1865 2815 2000 2851 Puder-

245 2863 329 2897 born
358 2864 458 2907 1892,
486 2864 523 2898 S.
549 2866 606 2909 32,
631 2869 688 2906 51],
714 2869 772 2902 58.

355 2923 384 2966 ⁸)
422 2923 484 2956 Ion
509 2923 624 2959 dieser
649 2926 883 2962 ablelmenclen
911 2929 1062 2975 Ilalcanq
1095 2931 1141 2965 ist
1164 2932 1254 2966 αιιεΙι
1280 2932 1315 2966 ίη
1343 2932 1499 2978 ]”νὶιἹιενιι
1537 2933 2002 2980 Vertlceidt'qunqssclzrejften

242 2980 301 3014 des
329 2980 474 3026 l'apstes
502 2982 705 3018 wiedcrlaolt
727 2985 780 3019 <lie
808 2986 914 3021 Rede.

361 3040 389 3085 ⁴)
416 3039 526 3086 Papst
548 3040 700 3088 Boura:
726 3043 788 3078 JX.
2012 3041 2072 3086 40
