2216 3432
272 195 329 236 44
679 198 705 236 Ι.
735 197 928 233 Abschnitt.
975 193 1399 237 Unionsverhandlungen
1425 191 1478 226 bis
1506 190 1607 228 1413.

273 308 444 352 solaciis
475 306 635 350 afflicte
666 302 902 346 senectutis
932 300 1161 342 incomoda
1193 297 1453 351 experimur.
1499 297 1576 339 Set
1607 296 1728 350 quid,
1761 296 1798 338 si
1829 309 2022 350 persona
2071 347 2075 350 ⁴
2127 283 2135 290 Χ

272 382 422 421 nostra
453 377 606 419 floride
637 372 875 416 iuventutis
907 370 1145 413 amenitate
1176 368 1399 421 gauderet,
1430 367 1550 409 certe
1581 366 1659 408 aut
1686 365 1914 409 morienda
1943 367 2023 410 aut

273 448 537 490 senescenda
559 446 767 495 floreretss)
791 445 834 484 et
857 443 909 483 de
932 439 1142 494 preterito
1165 438 1299 479 nichil
1323 436 1584 478 retineretur
1607 448 1688 477 nec
1712 435 1830 478 ultra
1849 435 2020 479 instans

274 518 439 572 aliquid
462 517 598 558 eciam
620 516 673 556 de
696 512 901 567 presenti.
937 511 1146 551 Novimus
1170 521 1271 560 ergo
1294 508 1380 548 tam
1405 505 1602 559 antiquis
1625 518 1759 560 quam
1785 506 2021 549 iuvenibus
2210 506 2216 562 ξ

273 588 363 629 fore
394 585 592 628 celeriter
624 583 949 637 properandum
983 581 1037 621 ad
1070 579 1280 620 indicium
1302 576 1532 618 iustissimi
1555 575 1712 617 iudicis
1738 578 1896 618 cuncta
1926 576 2062 618 cer-5

274 657 429 707 nentis,
461 655 546 701 nbi,
580 668 663 707 que
696 654 739 694 in
772 651 967 705 presenti
1000 650 1193 691 celantur
1225 647 1470 696 fraudibus,
1503 647 1646 688 eidem
1679 649 1874 688 reserata
1894 649 2021 701 pate-

272 728 395 776 bunt,
443 727 485 766 et
516 723 757 777 quemlibet
787 722 953 774 absque
987 719 1165 772 diffugio
1215 731 1294 771 pro
1326 717 1460 758 tantis
1494 716 1662 758 meritis
1694 717 1762 758 vel
1796 715 2022 758 demeritis

273 796 486 848 condigna
518 793 737 847 stipendia
770 793 1061 844 recepturum.
1110 789 1238 839 Quod
1271 788 1354 829 nisi
1387 787 1638 828 videremur
1669 799 1924 840 presumere
1955 786 2022 828 iu-

274 865 432 907 dicium
463 864 571 905 velle
603 863 784 903 incitare
819 861 1028 911 divinum,
1076 861 1326 912 optaremus
1372 857 1459 899 iam
1505 857 1549 899 in
1597 857 1793 910 presenti
1841 857 2023 899 cuilibet

271 935 399 976 inicia
430 936 575 976 future
608 931 912 974 retribucionis
946 930 1154 984 impendi.
1212 929 1299 971 Sed
1332 927 1447 970 absit
1481 940 1559 969 nos
1591 928 1704 969 velle
1737 927 1858 969 aliud
1887 940 2021 981 quam
2039 929 2094 970 10

271 1005 372 1046 velit
406 1004 491 1054 ille,
514 1003 588 1056 qui
620 1003 732 1044 bone
765 1002 998 1043 voluntatis
1032 1002 1097 1041 est
1122 1002 1254 1041 actor.
1290 998 1425 1040 Cuius
1448 997 1663 1040 voluntati
1696 1011 1776 1039 nos
1798 997 2023 1040 humiliter

272 1074 591 1116 conformantes
639 1073 682 1114 in
730 1071 923 1126 presenti
970 1071 1171 1112 scismate
1219 1082 1298 1122 pro
1347 1082 1471 1110 sacra
1517 1068 1698 1110 ecclesie
1737 1067 1900 1110 unione
1933 1081 2022 1111 non

272 1157 490 1185 cessamus
513 1145 699 1185 tractare
722 1145 763 1183 et
786 1142 1020 1184 efficaciter
1042 1141 1228 1195 operari,
1260 1141 1379 1193 qnod
1404 1151 1650 1193 possumus,
1676 1138 1817 1192 parati
1840 1139 2023 1192 insuper

274 1214 445 1255 domino
477 1215 711 1266 prestante,
759 1213 832 1265 qui
867 1212 1001 1263 novit,
1050 1214 1091 1253 et
1124 1212 1399 1265 cooperante,
1448 1210 1523 1263 qui
1557 1211 1718 1264 potest,
1766 1210 1947 1252 meliora
1979 1211 2022 1252 et

274 1284 447 1324 utiliora
480 1283 697 1335 prosequi,
730 1280 901 1336 (que)'')
934 1295 1010 1334 per
1042 1294 1349 1334 quemcunque
1382 1281 1510 1322 nobis
1543 1280 1708 1322 suerint
1730 1279 1919 1322 fideliter
1952 1293 2020 1322 re·
2040 1281 2091 1323 15

272 1354 424 1394 velata.
459 1354 598 1405 Super
631 1353 785 1394 ceteris
819 1366 919 1393 vero
953 1352 1096 1393 eidem
1130 1355 1202 1393 tue
1236 1351 1452 1393 nobilitati
1486 1351 1601 1393 circa
1623 1351 1850 1392 materiam
1883 1350 2022 1404 expli-

273 1424 421 1464 candis
455 1423 555 1464 dicti
589 1423 739 1464 Garsie
772 1437 796 1464 a
829 1422 955 1464 nobis
988 1422 1115 1463 certis
1147 1421 1512 1463 instructionibus
1545 1421 1770 1463 informati
1793 1421 2020 1473 relatibus,

272 1507 524 1546 quesumus,
556 1496 724 1547 prestes
755 1493 883 1535 fldem
918 1493 1139 1534 credulam
1163 1493 1293 1533 velud
1318 1493 1490 1534 nostris,
1525 1492 1578 1533 Et
1609 1491 1653 1533 in
1687 1491 1862 1534 domino
1885 1491 2023 1534 Jhesu

273 1564 445 1604 Christo
478 1566 533 1615 te,
567 1563 640 1612 fili,
674 1566 874 1617 optamus
907 1565 1019 1605 bene
1052 1565 1210 1605 valere.
1246 1565 1403 1604 Datum
1428 1563 1545 1616 apud
1568 1564 1769 1604 sanctum
1787 1562 2021 1615 Matheum,

272 1634 549 1675 Dertusensis
583 1634 787 1687 dyocesis,
822 1648 957 1675 nonas
990 1634 1107 1685 Julii,
1141 1634 1422 1687 pontificatus
1456 1633 1593 1675 nostri
1627 1646 1743 1675 anno
1775 1632 1926 1674 XVI⁰L
2037 1633 2094 1675 20

272 1855 313 1898 8,
374 1853 613 1910 Erklci'runy
647 1856 862 1897 Benedikts
894 1855 1034 1906 XIII,
1078 1858 1176 1898 dass
1212 1872 1255 1898 et·
1285 1865 1402 1897 witer
1442 1857 1519 1897 den
1547 1856 1707 1910 fre'ilcer
1736 1856 1810 1908 fii}
1840 1856 1904 1898 <lie
1939 1855 2024 1896 Zu-

271 1925 565 1979 sammenkzms't
609 1928 652 1967 in
702 1927 865 1968 Sanoua
912 1927 1059 1982 (1407)
1111 1928 1471 1982 voryescltlayenen
1506 1927 1802 1982 Redin-(jungeri
1833 1941 1882 1967 zu
1913 1928 2024 1968 einer

274 1995 640 2052 Zusarmmenkunfif
667 2000 741 2038 mit
771 1998 932 2053 Greqor
956 1999 1056 2042 XII.
1093 1999 1217 2040 bereit
1247 2001 1317 2039 sei.
1367 1998 1724 2053 ()t·t.s·uot·sclzlci‘qe:
1761 1996 2021 2052 Tarra-qma,

276 2066 317 2107 S.
352 2066 512 2116 Matteo,
548 2067 743 2118 Majorca,
781 2069 1019 2120 Bai-celona,
1078 2068 1279 2120 Vahvzcia,
1332 2068 1544 2119 Castetlion,
1586 2068 1833 2124 Cartayena,
1870 2067 2025 2110 Sevilla

757 2140 843 2179 und
875 2140 1018 2183 (faciae,
1089 2139 1217 2195 (1411
1250 2156 1319 2181 um
1351 2140 1442 2181 Juli
1474 2138 1528 2194 7)
2039 2139 2093 2180 25

342 2241 372 2274 B
397 2253 458 2275 aus
496 2242 594 2285 Issen,
623 2244 708 2289 Ilof-
735 2245 804 2278 und
828 2244 1142 2280 Staatshiblioehek
1171 2247 1252 2281 cml.
1279 2247 1422 2291 5090'f.
1451 2247 1530 2280 126.

388 2359 457 2401 Ad
488 2360 574 2411 illa,
606 2375 690 2415 que
724 2363 938 2405 discretus
962 2364 1028 2405 vir
1060 2365 1235 2406 Garsias
1268 2365 1441 2407 Martini
1476 2365 1529 2406 de
1562 2364 1791 2408 Turribus,
1839 2362 2025 2405 nuncius

273 2429 484 2480 magnifici
516 2431 596 2473 viri
630 2433 792 2474 domini
824 2434 967 2476 Caroli
1001 2436 1053 2476 de
1086 2436 1338 2483 Malatestis,
1390 2436 1552 2477 missus
1603 2435 1657 2476 ad
1688 2447 1848 2489 papam
1882 2433 2025 2475 Bene-

274 2498 436 2540 dictum
466 2500 580 2543 XIII.
615 2502 696 2543 sibi
728 2505 860 2545 verbo
892 2519 943 2546 ex
974 2508 1098 2559 parte
1129 2507 1315 2560 predicti
1348 2506 1513 2548 domini
1547 2505 1691 2548 Caroli
1722 2504 1872 2546 retulit
1904 2506 1949 2546 et
1979 2502 2026 2546 in

274 2569 458 2622 scriptis,
492 2573 541 2612 ut
572 2574 770 2625 asseruit,
802 2575 921 2616 velut
953 2575 1036 2617 sibi
1067 2577 1230 2618 tradita
1262 2577 1454 2627 fuerunt,
1486 2575 1775 2631 presentavit,
1808 2574 2025 2629 quantum
2040 2573 2098 2616 30

275 2639 329 2680 ad
361 2639 561 2682 effectum
593 2644 668 2695 rei,
716 2645 768 2686 de
807 2659 894 2699 qua
925 2659 1125 2700 pronunc
1157 2648 1315 2701 agitur,
1363 2646 1567 2700 pertinet,
1614 2645 1809 2688 breviter
1840 2657 2025 2699 respon-

276 2708 415 2761 detur,
448 2713 576 2763 quod,
624 2713 725 2755 licet
756 2717 937 2758 attentis
968 2718 1175 2770 gravibus
1212 2717 1554 2771 impedimentis,
1588 2730 1675 2771 que
1707 2717 1914 2759 adversus
1945 2727 2026 2769 op-

275 2779 408 2820 tatam
440 2782 646 2825 unionem
690 2787 839 2827 sancte
886 2787 1038 2829 matris
1086 2788 1279 2848 ecclesie·
1300 2788 1523 2841 prioribus
1555 2786 1892 2829 difficultatibus
1924 2797 2027 2828 acu-

276 2849 440 2892 mulata
471 2854 514 2893 et
546 2854 831 2906 superaddita
871 2859 974 2899 sunt
1004 2870 1084 2911 per
1116 2859 1422 2912 conspirantes
1455 2859 1610 2901 contra
1641 2870 1739 2900 eam
1769 2856 1816 2899 in
1848 2869 2026 2910 congre-

393 3058 423 3093 ει)
443 3058 537 3087 floret
556 3061 591 3087 B.
662 3062 695 3099 b)
716 3063 800 3093 Fehzt
820 3065 855 3094 13.
2041 3055 2096 3101 35
2140 3056 2150 3136 Z
