2216 3432
399 198 437 236 G.
464 194 662 240 Malatesta,
688 196 824 243 Gregor
848 193 932 233 ΧΠ.
957 195 1236 242 undBenedikt
1260 194 1361 232 XlII.
1390 196 1635 234 1410—1413.
1663 197 1723 231 Nr.
1754 199 1787 234 9.
1948 186 2006 229 49

217 309 383 352 tulerat
413 307 542 361 parte
576 305 724 348 Caroli
758 305 812 347 de
834 304 1080 348 Malatestis
1103 304 1276 347 minimi
1308 304 1422 347 servi
1454 308 1608 349 sancte
1641 305 1797 350 matris
1831 307 1875 348 et
1907 306 2008 348 uni-

215 378 402 424 versalis
435 377 634 429 ecclesie,
682 390 765 431 pro
798 376 979 418 unionis
1013 378 1220 429 tractatu,
1272 377 1317 418 et
1350 376 1542 419 Domino
1575 378 1781 431 faciente,
1815 378 1912 420 eius
1945 378 2008 421 ef-

217 452 347 495 fectu.
413 449 563 492 Primo
597 449 869 501 conceditur,
903 447 1199 503 experiencia,
1248 449 1387 502 proeh
1421 449 1572 502 dolor,
1626 449 1867 492 efficaciter
1906 463 2009 504 pro-

217 523 367 575 bante,
415 523 586 564 tantam
620 521 917 575 quorumdam
965 520 1058 562 fore
1091 519 1321 570 malitiam,
1356 522 1650 573 quorumdam
1684 522 1834 564 autem
1884 522 2009 575 igno-

177 595 415 638 5ranciam
449 595 493 636 et
537 592 895 646 perplexitatem,
942 592 1241 645 quorumdam
1273 605 1379 634 vero
1412 594 1664 635 vecordiam
1698 595 1741 635 et
1773 593 2008 647 pusillani-

218 666 434 718 mitatem,
478 665 612 719 quod,
662 663 747 706 nisi
780 664 987 705 dominus
1022 664 1142 705 Deus
1176 661 1245 704 sui
1266 662 1585 707 'misericordia
1618 665 1859 707 christiane
1892 666 2009 707 cala-

219 738 366 780 mitati
401 736 642 779 subvenire
678 735 895 789 dignetur,
943 735 1166 785 videlicet,
1215 737 1294 776 aut
1326 735 1520 777 mirabili
1554 750 1635 778 sua
1666 737 1891 791 potestate
1926 735 2011 778 im-

218 793 394 864 piorum
430 808 755 862 cohercendoss)
804 809 880 849 aut
930 807 1295 860 corrigendorum
1344 809 1516 849 mentes
1549 808 1838 861 humiliando,
1889 809 2012 850 nulla

220 894 322 936 spes
355 894 458 922 vere
493 879 849 933 reintegrationis
882 880 925 920 et
957 878 1138 920 unionis
1172 879 1298 920 adest
1331 879 1498 933 populo
1532 879 1788 922 christiano.

152 965 206 1006 10
340 963 428 1006 Sed
462 962 568 1018 quia
600 975 730 1004 nemo
765 961 914 1004 divine
947 962 1160 1004 bonitatis
1186 975 1316 1016 opem
1346 963 1624 1016 expectando
1659 964 1792 1005 debet
1832 963 2011 1005 differre

220 1049 273 1077 ex
296 1034 446 1077 debito
469 1033 665 1076 caritatis
687 1033 993 1088 proximorum
1016 1033 1204 1075 miseriis
1229 1034 1481 1086 subvenire,
1507 1035 1616 1088 quin
1648 1033 1844 1090 ymmob)
1878 1049 2013 1089 quam

221 1107 411 1149 maiores
445 1105 713 1160 cognoverit,
762 1105 849 1147 illis
893 1105 1103 1147 solertius
1138 1107 1442 1160 succurrere‘)
1474 1108 1666 1159 tenetur,
1714 1108 1752 1149 is
1785 1107 2013 1162 precipue,

220 1179 295 1232 qui
329 1180 473 1221 vicem
507 1178 674 1220 domini
708 1176 849 1220 nostri
883 1177 1015 1219 Ihesu
1053 1178 1217 1219 Christi
1272 1178 1361 1231 agit
1408 1177 1452 1218 in
1487 1178 1634 1231 terris,
1684 1178 1808 1220 cuius
1841 1179 2013 1221 miseri-

221 1251 371 1292 cordia
404 1263 539 1304 super
572 1250 721 1291 omnia
743 1262 881 1303 opera
911 1249 1019 1298 eius,
1054 1262 1172 1302 papa
1195 1249 1436 1302 Gregorius
1460 1252 1644 1303 paratus
1678 1252 1746 1292 est
1779 1264 1879 1292 cum
1913 1250 2011 1305 ipso

152 1324 203 1364 15
222 1321 338 1363 dicto
370 1321 612 1363 Benedicto
661 1322 705 1362 et
752 1320 836 1362 sibi
868 1320 1186 1363 obedientibus
1218 1322 1426 1368 tractare,
1476 1322 1689 1376 prosequi
1738 1325 1781 1364 et
1830 1323 2011 1364 domino

220 1393 463 1436 auxiliante
496 1393 775 1446 concludere,
811 1405 1092 1446 quecumque
1126 1394 1351 1446 putaverit
1383 1407 1461 1435 seu
1492 1394 1728 1448 profutura
1762 1395 1801 1436 ei
1832 1396 2014 1437 ostensa

219 1464 383 1507 fuerint
415 1478 517 1507 vere
551 1464 887 1518 reintegrationi
922 1466 1074 1506 sancte
1109 1464 1295 1506 ecclesie
1329 1465 1371 1506 et
1407 1465 1561 1507 unioni
1593 1465 1747 1519 populi
1780 1466 2013 1508 christiani

221 1539 264 1579 et
297 1538 460 1579 nedum
495 1550 596 1578 cum
628 1536 739 1590 ipso,
772 1549 925 1578 verum
959 1549 1060 1577 cum
1079 1536 1287 1578 omnibus
1321 1536 1417 1578 aliis
1451 1550 1530 1578 sue
1562 1536 1727 1579 iustitie
1761 1539 1804 1579 et
1836 1538 2014 1580 veritati

222 1609 577 1660 adversantibus,
626 1606 777 1661 sicque
810 1608 1015 1649 hortatur
1058 1607 1309 1661 predictum
1359 1609 1667 1663 nuncupatum
1700 1609 2012 1662 Benedictum,

152 1681 207 1721 20
222 1680 343 1734 quod
375 1694 516 1732 suain,
565 1693 700 1734 quam
748 1678 892 1732 offert,
940 1680 1102 1721 bonam
1138 1680 1414 1721 voluntatem
1449 1681 1689 1722 extendere
1723 1683 1767 1722 et
1800 1681 2013 1735 ampliare

222 1751 340 1804 velit,
390 1751 765 1805 quemadmodum
812 1750 908 1804 ipse
957 1764 1075 1804 papa
1123 1751 1363 1804 Gregorius
1396 1753 1578 1805 paratus
1613 1753 1694 1803 est,
1745 1766 1834 1793 non
1868 1753 2013 1795 solum

222 1822 338 1865 circa
386 1836 518 1864 sanos
566 1823 730 1873 mente,
780 1820 899 1877 setd)
949 1824 1139 1876 egrotos.
1206 1822 1441 1864 Sententia
1490 1822 1673 1877 quidem
1723 1824 1891 1865 domini
1925 1826 2012 1866 est:

221 1891 317 1934 Non
348 1901 407 1935 est
439 1908 537 1949 opus
568 1892 799 1934 valentibus
829 1894 1013 1934 medicus
1045 1891 1153 1948 seed)
1185 1894 1293 1934 male
1317 1893 1578 1936 habentibus.
1619 1893 1776 1935 Eantes
1798 1909 1896 1950 erqo
1928 1896 2014 1935 clis-

221 1966 309 2015 cite,
344 1965 446 2020 quid
476 1965 560 2006 est?
592 1958 921 2006 misericerdiam
952 1966 1051 2015 volo,
1086 1972 1122 2006 et
1153 1980 1235 2006 mm
1267 1966 1572 2022 sacrfidumst)

151 2062 205 2102 25
342 2048 467 2090 Licet
500 2049 620 2090 enim
653 2049 916 2091 divisionem
942 2048 1145 2090 divisioni
1177 2048 1430 2091 addiderint
1463 2052 1674 2103 pretenso
1709 2050 1887 2093 unionis
1920 2052 2012 2094 zelo

222 2122 265 2162 et
298 2120 474 2163 laniatis
507 2120 821 2174 distractisque
855 2120 989 2162 sacris
1038 2121 1286 2163 canonibus
1336 2134 1530 2163 errorem
1572 2122 1887 2164 adinvenerint
1934 2136 2012 2176 pe-

221 2192 361 2234 iorem
413 2193 575 2246 priore,
625 2205 714 2234 non
745 2193 942 2247 'tamen‘')
987 2193 1110 2246 ipsos
1145 2193 1269 2235 extra
1307 2193 1523 2246 gremium
1559 2195 1713 2235 sancte
1746 2194 1902 2236 matris
1937 2208 2011 2236 ec-

222 2264 355 2306 clesie
388 2265 651 2306 constitutos
684 2263 748 2306 sic
781 2265 1054 2306 deserendos
1086 2263 1180 2307 fore
1215 2264 1391 2306 videtur
1421 2277 1537 2318 pape
1564 2265 1788 2319 Gregorio,
1823 2267 2010 2318 attento,

221 2337 387 2389 quante
420 2336 535 2378 foret
566 2336 737 2377 iacture
786 2337 854 2378 tot
900 2335 1126 2390 principes
1165 2337 1428 2390 tantamque
1464 2337 1642 2390 plebem
1676 2337 1876 2379 divinum
1909 2351 2013 2392 pro-

151 2419 208 2460 30
221 2406 401 2449 fitentes
433 2420 595 2449 nomen
627 2408 886 2460 permittere
935 2407 981 2448 in
1014 2407 1309 2461 precipicium
1341 2408 1510 2449 baratri
1546 2421 1688 2461 ruere,
1739 2422 2013 2462 quamquam

222 2478 396 2533 decepti
428 2480 636 2521 orbatum
668 2479 826 2520 ducem
858 2479 1168 2532 insequantur.

341 2560 452 2616 Ut2)
483 2561 663 2615 quidem
695 2562 841 2604 media
873 2563 978 2616 apta
1010 2576 1113 2604 vere
1146 2561 1316 2614 unioni,
1367 2564 1586 2616 quantum
1621 2563 1799 2606 domino
1833 2564 2014 2605 favente

222 2633 267 2674 et
298 2631 502 2686 faciente,
535 2633 791 2675 nullatenus
825 2648 877 2675 ex
909 2635 1038 2688 parte
1071 2646 1187 2686 pape
1212 2634 1412 2686 Gregorii
1459 2633 1681 2688 deficiant,
1715 2635 1871 2676 modos
1903 2635 2014 2676 istos

221 2703 446 2758 proponit.

151 2881 207 2923 35
340 2893 371 2928 a.)
393 2893 576 2921 coercendo
597 2894 636 2920 D.
680 2893 713 2929 b)
734 2894 834 2922 immo
855 2894 894 2921 D.
939 2895 968 2929 c)
990 2893 1168 2922 subvenire
1189 2895 1228 2921 D.
1281 2893 1312 2928 d)
1335 2894 1394 2922 sed
1415 2895 1453 2922 D.
1501 2902 1529 2929 e)
1552 2896 1682 2923 ‘cantum
1704 2896 1743 2922 D.

344 2976 373 3023 l)
399 2977 602 3012 Matthaeus
629 2978 651 3013 9
679 2978 697 3012 b
730 2978 782 3013 12.

343 3037 372 3082 2)
412 3036 478 3072 Von
501 3037 579 3072 laeier
604 3049 651 3072 an.
677 3038 768 3072 auch
793 3038 862 3080 auf
873 3038 943 3083 sol.
972 3037 1041 3072 115
1067 3037 1132 3072 der
1161 3037 1408 3083 IIamIscltrq'st.

292 3154 395 3183 Fink
403 3162 436 3190 e,
454 3155 539 3184 Acta
558 3154 692 3184 concilii
712 3154 992 3184 constanciensis
1009 3155 1034 3183 Ι.
1726 3146 1754 3187 4
