2216 3432
450 171 494 208 Α,
537 172 681 208 Johann
706 174 844 211 XXIII.
870 178 943 212 und
969 179 1025 214 die
1051 180 1355 230 Verbereitungen
1380 198 1456 221 zum
1483 189 1621 225 Konzil.
1663 192 1723 227 Nr.
1748 194 1805 230 45.
1928 187 2012 229 243

245 281 578 335 persolvendas,
623 281 766 335 ipsius
807 283 1154 330 misericordiam
1197 292 1457 345 suppliciter
1499 301 1743 351 exorantes,
1791 302 2010 355 quatinus,

243 353 316 407 qui
347 352 445 394 velle
482 352 679 413 (liquatus
720 361 779 394 est
814 356 1032 410 inspirare,
1074 359 1139 400 det
1174 363 1303 402 eciam
1345 367 1491 407 vestre
1530 368 1787 412 sublimitati
1825 386 1940 426 posse
1977 382 2014 414 et

235 422 477 479 peoficerffl)
528 436 641 477 opus
689 426 780 466 tam
823 427 1010 469 arduum
1050 431 1093 471 et
1136 432 1323 485 salubre,
1373 438 1418 477 ut
1464 439 1621 479 vestris
1658 453 1739 493 ope
1778 445 1820 482 et
1852 444 2012 485 auxilio

245 494 515 537 christianus
546 496 742 549 populus
775 497 832 538 ad
858 499 989 540 unius
1023 500 1272 545 indubitabi
1304 506 1495 558 pastoris
1528 510 1904 562 recongnicionem
1938 528 2011 555 ex-

202 566 443 621 5stirpatis
484 566 707 621 scrupulis
751 569 1056 624 serenatisque
1095 574 1317 616 mentibus
1366 577 1568 619 celeriter
1615 582 1896 632 perducatur.
1959 585 2012 626 Et

243 637 348 692 quia
387 640 646 680 sanctorum
685 641 866 693 patrum
906 642 1115 696 exemplis
1149 646 1192 685 et
1223 647 1419 699 vestigiis
1458 649 1700 692 inherendo
1731 652 1842 694 viam
1877 667 2012 707 appo—

243 710 444 752 stolicam
485 708 597 751 sacri
630 710 838 753 videlicet
872 712 1047 755 concilii
1081 716 1295 767 generalis
1329 719 1384 759 ad
1416 719 1495 760 hec
1528 723 1806 763 accomodam
1839 725 2012 767 estimat

242 781 299 823 ad
331 781 567 836 ipsamque
600 782 780 823 anhelat
812 785 960 825 vestra
992 785 1110 839 regia
1142 787 1372 836 celsitudO,
1422 790 1535 832 113110
1568 794 1716 833 nostro
1747 793 1892 835 videre
1926 809 2011 837 11011

243 855 335 894 tam
376 853 524 894 animo
558 853 821 895 consulendi
855 869 987 909 quam
1028 857 1145 909 regio
1178 862 1323 900 vestro
1356 861 1574 904 desiderio
1606 866 1909 917 possetenusa)
1944 869 2011 907 111-

175 926 433 978 10cumque
474 923 773 966 satisfaciendi
816 927 1107 980 proponimus
1146 931 1290 971 vestre
1323 932 1586 974 excellencie
1617 934 1763 976 taliter
1801 936 2011 988 arripien-

243 996 359 1045 dam,
401 995 619 1047 videlicet,
665 998 714 1037 ut
746 999 822 1038 aut
855 1011 1010 1040 omnes
1048 1000 1207 1053 prelati
1249 1002 1389 1043 tocius
1423 1003 1758 1047 christianitatis
1791 1008 2010 1060 ceterique

242 1078 321 1120 per
358 1067 513 1108 orbem
556 1067 611 1108 de
643 1067 739 1109 iure
772 1069 958 1110 vocandi
1002 1083 1027 1111 a
1059 1072 1258 1124 quolibet
1289 1073 1424 1115 trium
1457 1088 1502 1115 se
1535 1088 1672 1128 papas
1706 1077 2009 1130 scribencium,

241 1139 319 1180 aut
361 1138 415 1180 de
453 1138 681 1180 voluntate
720 1140 955 1182 cuiuslibet
1001 1155 1154 1183 eorum
1186 1143 1319 1185 trium
1353 1146 1512 1198 singuli
1545 1145 1725 1199 singulis
1757 1148 2010 1189 obedientes

242 1223 267 1251 a
299 1210 486 1263 singulis
526 1223 572 1252 se
611 1223 765 1265 papaS,
803 1214 853 1253 ut
884 1212 945 1253 ita
979 1213 1162 1264 dicatur,
1204 1215 1512 1266 scribentibus,
1556 1218 1632 1258 3111
1664 1231 1814 1260 01111163
1853 1219 2009 1271 prelati

173 1283 226 1325 15
241 1282 285 1322 et
318 1281 454 1323 ceteri
488 1282 541 1323 de
573 1281 670 1323 iure
704 1284 891 1325 vocandi
925 1284 978 1325 de
1009 1285 1238 1327 voluntate
1269 1287 1313 1327 61
1336 1288 1596 1329 auctoritate
1621 1288 1854 1331 cuiuslibet
1880 1290 2011 1331 trium

241 1366 288 1394 se
329 1366 469 1406 papas
518 1354 815 1396 scribencium
859 1369 965 1397 vera
1006 1357 1074 1398 vel
1116 1359 1322 1409 pretensa
1362 1371 1440 1410 per
1481 1361 1672 1401 vestram
1716 1361 2010 1413 serenitatem,

241 1423 576 1478 circumscripta
608 1425 809 1468 omnium
840 1426 1180 1483 par·cialitate,¹')
1212 1429 1268 1469 ad
1301 1429 1668 1482 Argentinensem
1700 1432 1766 1472 vol
1797 1431 2010 1473 Basilien-

241 1509 335 1537 sem
365 1496 572 1539 civitates
597 1510 677 1550 per
702 1497 863 1550 regiam
890 1498 1331 1552 circumspectionem
1356 1500 1617 1552 nominatas,
1651 1515 1834 1554 quarum
1858 1516 2008 1555 quam-

242 1566 350 1609 libet
397 1568 453 1610 ad
490 1569 574 1611 hoc
614 1582 667 1610 ex
706 1570 905 1611 omnium
952 1573 1078 1623 parte
1117 1572 1332 1624 ydoneam
1379 1575 1649 1624 reputamus,
1699 1574 1751 1613 ad
1791 1587 1925 1614 unum
1967 1576 2011 1615 et

170 1642 226 1683 ΞΟ
241 1640 433 1681 eundem
466 1642 639 1682 certum
671 1641 911 1683 terminum
945 1643 1026 1683 sub
1060 1643 1254 1684 omnium
1288 1644 1378 1684 tam
1412 1644 1669 1684 vocancium
1714 1657 1790 1684 seu
1823 1644 2009 1684 anctori-

239 1711 375 1752 tatem
419 1711 677 1754 huiusmodi
715 1712 1004 1767 prebencium
1045 1727 1178 1767 quam
1209 1714 1506 1755 vocandorum
1540 1715 1582 1755 et
1614 1714 1801 1766 legitime
1834 1715 2009 1755 mitten-

240 1782 398 1824 dorum
431 1783 621 1836 plurima
653 1784 891 1826 securitate
924 1786 967 1826 et
999 1785 1200 1826 libertate
1232 1785 1416 1838 aliisque
1440 1784 1782 1826 circumstanciis
1805 1784 2006 1838 congruis

239 1856 550 1896 convocentur.
606 1856 655 1896 In
691 1855 855 1909 quibus
889 1857 983 1898 loco
1017 1858 1061 1898 et
1093 1856 1281 1898 termino
1316 1856 1576 1897 universalis
1609 1855 1789 1897 ecclesia
1822 1857 2007 1908 premis-

239 1938 389 1967 sorum
422 1926 559 1968 trium
593 1928 825 1969 modorum
861 1929 1000 1969 altero
1025 1929 1330 1981 congreganda
1352 1927 1548 1978 ordinet,
1576 1928 1735 1968 statuat
1761 1927 1802 1966 et
1826 1925 2008 1967 diffiniat

166 1999 223 2040 ‚025
237 1997 423 2038 tollendi
456 1997 692 2050 scismatis,
727 2000 1008 2041 reformande
1042 1999 1223 2040 ecclesie
1256 2001 1299 2040 et
1323 1997 1509 2039 aliorum
1532 1997 1847 2039 necessitatum
1871 1997 2006 2038 eccle-

238 2066 403 2110 siastici
437 2070 581 2111 status
603 2071 759 2112 modos
783 2070 1140 2123 irrefragibiliter
1164 2070 1486 2120 observandos3
1520 2068 1699 2122 provisi,
1724 2082 1791 2118 ne,
1825 2067 1899 2108 ubi
1922 2080 2006 2119 pax

237 2139 453 2193 queritur,
487 2141 791 2183 contencionis
824 2142 1009 2183 materia
1042 2141 1299 2191 seminetur,
1334 2140 1450 2193 quod
1473 2139 1645 2192 singula
1666 2152 1744 2192 per
1767 2138 2006 2192 quemlibet

237 2211 374 2252 trium
407 2225 455 2253 se
488 2225 629 2266 papas
663 2212 960 2254 scribencium
994 2212 1039 2253 in
1073 2225 1152 2253 sua
1184 2211 1446 2253 obediencia
1479 2212 1612 2264 gesta,
1645 2210 1863 2262 quatenus
1897 2209 2003 2249 alias

237 2282 292 2324 de
337 2282 434 2325 iure
482 2284 729 2326 subsistere
774 2286 959 2338 possent
1006 2286 1049 2325 et
1097 2284 1324 2327 deberent,
1372 2282 1659 2335 permaneant
1711 2280 1881 2321 illibata
1928 2292 2006 2320 nec

165 2356 223 2398 30
236 2354 423 2397 3110111113
457 2355 737 2397 subditorum
780 2355 1001 2397 dictorum
1032 2356 1165 2396 trium
1199 2356 1340 2396 status
1373 2353 1549 2394 racione
1582 2351 1835 2393 obediencie
1867 2362 2005 2402 usque

235 2426 343 2467 tunc
374 2425 444 2467 vel
477 2428 608 2468 antea
640 2426 754 2469 facte
786 2427 834 2468 111
867 2426 1050 2468 dubium
1084 2427 1326 2468 revocetur.
1381 2425 1426 2465 Si
1462 2426 1608 2465 tamen
1641 2421 1882 2475 quamlibet
1904 2433 2004 2472 pre-

237 2496 456 2539 dictarum
489 2498 717 2540 civitatum
750 2498 937 2540 forsitan
972 2498 1190 2539 dictarum
1221 2495 1420 2549 parcium
1445 2495 1593 2547 aliqua
1616 2494 1853 2539 recusaret,
1886 2492 2001 2538 tunc,

236 2580 292 2608 ne
324 2569 497 2609 tantum
529 2569 697 2611 bonum
729 2582 810 2624 pro
834 2569 929 2621 loci,
964 2569 1082 2622 quod
1114 2567 1242 2619 absit,
1277 2564 1579 2618 discrepancia
1611 2563 1881 2613 obmittatur,
1916 2573 2003 2602 non

235 2638 476 2680 abnuimus
515 2641 761 2693 quemlibet
803 2641 938 2694 alium
971 2641 1117 2681 locum
1150 2640 1204 2680 de
1237 2638 1460 2679 voluntate
1494 2635 1707 2676 dictorum
1740 2632 1872 2673 trium
1905 2631 2002 2683 qui—

165 2712 221 2754 35
235 2709 513 2764 buscumque
545 2711 824 2765 respectibus
857 2711 1117 2764 eligendum.
1168 2707 1374 2759 Quamvis
1399 2708 1556 2753 autem,
1581 2703 1859 2746 serenissime
1881 2701 2001 2754 prin-

235 2794 353 2835 ceps,
394 2781 476 2823 hec
514 2781 807 2839 primatfacie
848 2797 874 2825 a
907 2782 1043 2823 sacris
1076 2780 1318 2822 canonibus
1362 2790 1449 2819 non
1482 2773 1756 2818 dissonancia
1787 2771 1999 2823 nobisque

235 2851 345 2894 alias
400 2853 689 2895 racionabilia
741 2853 1003 2905 videantur,
1058 2852 1224 2893 nullam
1271 2853 1419 2892 tamen
1469 2847 1582 2889 viam
1628 2842 1899 2886 canonicam,
1924 2842 2000 2882 aut

353 3016 384 3050 a)
404 3017 621 3052 possettenus
642 3017 680 3044 Β.
717 3017 750 3052 b)
770 3017 811 3046 So
831 3017 869 3044 Β.

356 3078 384 3121 ¹)
409 3076 512 3111 Nach
535 3077 653 3124 Epist.
678 3076 785 3112 Pauli
809 3076 857 3110 ad
880 3075 1031 3122 Philipp.
1056 3074 1091 3118 2,
1118 3074 1172 3108 13.
1633 3124 1720 3168 16³1·
