2216 3432
229 163 313 207 366
552 172 614 209 ΙΙΙ.
639 172 839 206 Absehnitt.
889 169 1165 216 Vorgeschichte
1191 168 1253 203 des
1278 169 1504 204 Konstanzor
1527 168 1688 205 Konzils.

345 279 655 334 Sigismundus
695 281 777 320 etc.
840 277 1140 330 Venerabiles‚
1190 276 1366 331 egregii,
1415 276 1576 331 devoti,
1624 275 1793 329 fideles,
1831 275 2002 319 sincere

228 350 394 393 dilecti.
456 350 505 391 In
540 350 805 391 extollendis
850 348 964 402 regie
1005 360 1214 401 pressure
1257 346 1463 401 fastigiis,
1504 347 1668 401 quibus
1706 348 2002 401 congruenter

227 421 383 471 officia,
418 422 533 474 leges
566 423 610 462 et
642 434 763 462 arma
786 418 1125 469 communicant,
1160 418 1410 459 necessaria
1442 418 1534 460 fore
1567 417 1787 460 credimus
1820 416 2002 460 scientie

228 493 570 546 condimentass),
615 504 668 532 ne
719 503 795 543 per
842 490 974 531 huius
1023 501 1179 530 suaves
1227 490 1272 530 et
1320 485 1606 543 muliebresb)
1651 488 1833 530 semitas
1880 488 2001 531 nube

226 562 471 615 ignorantie
520 561 832 602 commiscente
877 559 1048 602 iusticia
1096 559 1205 601 citra
1252 558 1388 601 debiti
1437 559 1611 612 regulas
1653 558 1870 602 diminuta
1907 556 2042 602 lan-5

227 635 430 687 guescat3
479 634 591 673 hanc
637 646 714 674 nos
758 631 969 684 profecto,
1019 631 1094 684 qui
1140 630 1290 672 divina
1332 629 1561 683 largitione
1595 630 1772 685 populis
1804 630 2002 685 preside-

227 717 338 753 muS,
365 703 575 757 generali,
610 717 696 756 qua
720 715 872 744 omnes
896 701 1094 743 homines
1120 703 1278 742 natura
1311 701 1424 742 scire
1447 701 1714 752 desiderant,
1739 703 1783 742 et
1805 700 2001 756 speciali,

229 788 315 828 qua
353 775 543 827 gaudent
584 774 743 826 aliqui,
795 772 983 814 utilitate
1032 771 1244 825 proficere
1292 784 1468 824 semper
1514 784 1539 813 a
1579 771 1809 813 iuventute
1851 774 2003 815 nostra

229 845 517 898 quesivimus,
561 844 744 885 formam
786 845 881 885 eius
920 842 1222 885 indesinenter
1254 842 1499 884 amavimus
1542 844 1585 883 et
1623 842 1669 884 in
1708 842 1887 885 odorem
1919 856 2002 884 un-

228 917 490 968 guentorum
545 928 725 956 suorum
775 927 951 967 semper
998 913 1249 967 aspiramus
1298 926 1476 955 currere
1524 912 1756 955 indefesse.
1836 913 2002 964 Quam·
2020 909 2074 952 10

228 999 359 1040 quam
395 985 651 1039 frequenter
675 986 947 1038 negotiorum
980 985 1107 1026 turba
1140 986 1241 1037 post
1276 983 1396 1038 regni
1420 985 1609 1026 Romani
1638 997 1766 1026 curas
1798 997 2002 1038 assump-

227 1059 294 1098 tas
338 1071 417 1098 nos
462 1056 680 1098 distrahat
719 1059 759 1097 et
803 1055 945 1097 civilis
986 1055 1069 1097 sibi
1110 1056 1221 1096 ratio
1254 1055 1459 1097 vendicet
1501 1055 1809 1097 sollicitudinis
1855 1058 2001 1097 nostre

230 1129 390 1181 partes,
424 1127 633 1180 quicquid
667 1129 812 1167 tamen
847 1126 954 1179 ipsis
989 1126 1042 1166 de
1076 1126 1359 1168 familiarium
1393 1127 1684 1179 occupatione
1707 1126 2001 1180 decerpimus,

230 1198 419 1239 transire
454 1211 539 1238 non
572 1198 766 1251 patimur
798 1197 1000 1246 otiosum,
1036 1199 1083 1238 ut
1116 1196 1260 1238 anime
1293 1196 1454 1239 clarius
1480 1196 1622 1251 vigeat
1654 1197 2000 1239 instrumentum

228 1269 273 1309 in
306 1268 596 1321 acquisitione
630 1267 826 1316 scientie,
860 1268 955 1308 sine
988 1281 1077 1321 qua
1111 1268 1363 1310 mortalium
1400 1268 1488 1309 vita
1522 1281 1607 1310 non
1643 1268 1823 1321 regitur,
1855 1270 2001 1310 totum
2019 1262 2072 1304 15

227 1340 272 1380 in
312 1339 512 1379 lectionis
551 1338 861 1379 exercitatione
907 1338 1147 1380 liberaliter
1185 1352 1430 1391 erogamus.
1450 1339 1484 1394 ¹)
1548 1340 1662 1381 Dum
1706 1338 1837 1393 igitur
1868 1351 2000 1393 expe-

228 1409 388 1450 rientie
422 1412 568 1451 nostre
602 1409 823 1450 volumina
857 1409 1073 1450 volvimus
1106 1411 1151 1450 et
1184 1410 1289 1451 dum
1323 1410 1367 1452 in
1400 1410 1584 1452 circuitu
1608 1410 1758 1452 oculos
1788 1410 1999 1460 levamus,

226 1479 424 1521 videmus
473 1480 724 1521 universum
768 1480 919 1521 orbem
967 1480 1159 1534 positum
1210 1480 1253 1522 in
1295 1481 1504 1535 maligno:
1546 1494 1627 1535 pro
1668 1495 1720 1523 eo
1761 1480 1877 1522 inter
1915 1481 2000 1523 alia

227 1551 378 1604 quevis
422 1551 541 1592 cordi
584 1554 734 1593 nostro
782 1552 1031 1592 inherentia
1079 1552 1287 1604 expedire
1335 1552 1606 1594 arbitramur
1653 1565 1733 1606 pro
1781 1551 2000 1594 obviando

227 1624 380 1662 contra
417 1622 531 1663 mala
574 1622 867 1676 multiplicata
907 1622 1134 1676 insurgere
1183 1625 1225 1664 et
1270 1622 1463 1664 remedia
1510 1622 1723 1664 adhibere
1764 1615 2072 1677 oportuna,20

227 1706 314 1734 una
346 1706 442 1733 cum
477 1693 695 1745 regalibus
729 1693 1003 1747 principibus
1043 1694 1098 1735 de
1131 1694 1262 1735 domo
1294 1693 1479 1735 Francie
1521 1692 1743 1735 desiderio
1775 1693 2001 1735 desidera-

228 1777 324 1804 mus
357 1763 400 1804 in
435 1776 569 1804 unum
610 1764 857 1805 convenire.
938 1765 1098 1805 Verum
1132 1765 1237 1818 quia
1271 1764 1457 1818 negotia,
1492 1777 1579 1818 que
1615 1764 1778 1806 debent
1808 1763 2003 1816 tractari,

228 1835 336 1875 adeo
369 1835 505 1876 ardua
537 1838 581 1876 et
616 1836 723 1877 tanti
759 1835 967 1888 ponderis
1001 1837 1259 1883 censentur,
1299 1835 1417 1888 qnod
1450 1836 1723 1876 concernunt
1755 1834 2001 1876 orthodoxe

227 1903 327 1946 fidei
361 1904 683 1954 fulcimentum,
733 1908 896 1947 statum
932 1919 1194 1960 prosperum
1229 1906 1367 1947 totius
1399 1905 1757 1956 christianitatis,
1808 1904 2000 1946 universi

228 1974 347 2016 orbis
416 1976 806 2029 tranquillitatem,
875 1975 1226 2029 pacificationem
1290 1978 1329 2017 et
1395 1975 1754 2018 reformationem
1816 1975 2000 2017 ecclesie
2015 1968 2070 2010 25

228 2045 496 2097 universalis
532 2047 719 2088 Romani
754 2047 924 2101 imperii
959 2049 1243 2101 augmentum
1289 2060 1369 2088 nec
1402 2060 1490 2088 non
1533 2046 1809 2088 inclitissime
1844 2046 2000 2088 domus

231 2115 409 2157 Francie
442 2119 483 2157 et
516 2117 635 2169 regni
658 2117 955 2159 omnimodam
989 2120 1032 2159 et
1056 2117 1333 2159 effectualem
1367 2117 1768 2159 reconciliationem
1801 2118 1846 2158 et
1879 2116 1998 2159 exal-

232 2185 440 2228 tationem
482 2187 643 2228 virtute
681 2188 805 2229 unita
837 2189 1116 2241 procuranda
1156 2188 1337 2230 feliciter
1378 2191 1421 2230 et
1459 2187 1821 2244 promovendae),
1867 2187 2002 2229 huius

234 2257 294 2297 rei
345 2270 476 2297 causa
523 2258 802 2299 serenissimo
850 2258 1038 2313 principi
1082 2259 1239 2301 Carolo
1278 2259 1355 2300 Dei
1402 2259 1546 2313 gratia
1594 2258 1682 2312 regi
1731 2258 2002 2300 Francorum

229 2326 385 2368 illustri
419 2328 539 2369 fratri
574 2331 723 2370 nostro
755 2329 981 2371 carissimo
1014 2332 1056 2371 et
1089 2330 1251 2371 ceteris
1285 2329 1505 2383 regalibus
1538 2328 1816 2383 principibus
1845 2329 2000 2370 domus
2015 2320 2072 2364 30

347 2467 376 2499 a)
404 2467 602 2494 condimenti
632 2469 666 2495 B.
747 2469 779 2502 b)
806 2469 988 2496 multebres
1016 2470 1051 2496 Β.
1125 2471 1155 2504 c)
1183 2470 1262 2497 Hier
1286 2470 1370 2505 solat
1396 2471 1438 2503 et,
1466 2470 1527 2497 das
1554 2470 1614 2496 den
1642 2468 1922 2503 Zunammenhanq
1946 2469 2001 2496 dee

229 2513 337 2540 Sat-'zea
356 2514 447 2540 εεόνί.

351 2574 376 2616 ¹)
403 2572 479 2618 Ans
499 2574 553 2607 die
580 2574 657 2608 hier
675 2576 958 2621 ausyedriielceen
977 2577 1243 2622 Beatrebunyen
1270 2576 1490 2622 Siyiamunds
1517 2577 1623 2623 apielt
1647 2576 1737 2610 auch
1763 2575 1819 2610 die
1839 2575 2003 2609 Anemort

229 2630 292 2664 der
319 2630 465 2666 Par-iser
496 2632 715 2667 Um'versitiit
746 2647 820 2669 vom
855 2634 885 2672 7.
913 2635 989 2669 Mai
1014 2635 1105 2670 1414
1138 2636 1344 2671 wieder-holt
1375 2647 1432 2679 an,
1470 2648 1510 2670 80
1541 2635 1596 2670 die
1625 2634 1754 2670 Stella.-
1791 2634 1866 2669 Hoc
1891 2644 1999 2668 unum

231 2694 265 2723 et
289 2701 386 2734 spem
418 2692 594 2725 mentibus
627 2693 828 2727 validiorem
869 2695 1005 2729 inducit
1037 2699 1071 2729 et
1103 2698 1253 2730 mentem
1286 2695 1472 2730 iocundius
1507 2694 1626 2736 afficit,
1663 2694 1756 2739 quod
1789 2693 1999 2738 sapientiam
2013 2683 2070 2727 35

259 2776 267 2784 .
287 2775 294 2782 .
317 2749 493 2784 indefesse
519 2751 646 2793 colitis,
674 2752 763 2786 hanc
789 2763 929 2797 quoque
955 2764 975 2787 a
1000 2753 1142 2788 florenti
1166 2757 1283 2789 vestra
1308 2755 1491 2789 iuventute
1516 2753 1757 2799 exquisivistis
1783 2754 1818 2787 et
1842 2752 1999 2786 amastis.

231 2807 464 2850 Admiramur,
498 2835 504 2843 .
533 2834 541 2843 .
567 2835 575 2844 .
608 2810 701 2854 quod
734 2811 830 2856 regia
861 2811 1061 2846 sublimitas
1093 2813 1260 2857 gravibus
1292 2813 1468 2847 exercitiis
1506 2812 1627 2847 dedita
1660 2811 1825 2856 curisque
1855 2811 2001 2845 circum·

231 2869 336 2899 venta
361 2869 430 2900 tam
458 2867 576 2902 arduis
603 2879 640 2902 se
666 2869 793 2903 studiis
820 2869 1015 2905 litterarum
1042 2871 1288 2906 accommodet.
1338 2870 1428 2906 Eine
1449 2870 1666 2918 Anepieluny
1683 2869 1751 2916 aus
1761 2869 1818 2904 dle
1842 2868 2000 2904 Gemen-

232 2923 419 2959 krankleeit
440 2925 501 2960 des
526 2927 671 2972 eiyenen
687 2927 822 2974 Kb‘niys
849 2928 1029 2975 offenbart
1051 2929 1127 2964 siclt
1152 2930 1189 2964 in
1212 2929 1290 2965 dem
1307 2929 1437 2965 Sane.-
1462 2930 1491 2965 0
1509 2940 1612 2975 quam
1630 2929 1773 2975 populis
1790 2927 2000 2975 gaudiosum

233 2986 432 3028 quantaque
458 2995 566 3030 regno
591 2985 704 3031 gloria
729 2987 924 3032 principem
950 2987 1118 3022 habuisse
1143 2989 1448 3034 circumspectum,
1473 2989 1530 3024 cui
1556 2997 1656 3024 mens
1680 2987 1776 3024 clara
1799 2987 1838 3022 in
1853 2975 2073 3039 capon-040

232 3040 341 3079 claro!
392 3041 558 3087 Bulaeus,
585 3043 676 3078 Hm.
702 3045 795 3079 univ.
822 3044 1039 3081 Parae'sieneis
1070 3045 1108 3093 V,
1131 3045 1214 3090 267,
