2216 3432
363 185 402 224 ο.
434 186 630 229 Malatesta‚
658 185 794 231 Gregor
822 185 900 221 xu.
926 185 1000 220 und
1026 185 1203 219 Benedikt
1226 184 1325 222 xm.
1354 185 1599 221 1410—1413.
1627 184 1688 220 Nr.
1719 186 1774 220 15.
1923 175 1976 218 77

191 295 357 348 santer,
389 295 484 336 tum
509 293 614 349 quia
648 293 729 336 scit
761 293 858 347 ipse
892 296 1090 336 mentem
1113 294 1312 335 sanctam
1347 293 1391 334 et
1422 291 1586 334 iustam
1618 305 1668 334 ac
1702 293 1975 336 voluntatem

192 365 488 421 peroptimam
530 364 694 420 prefati
727 363 997 407 sanctissimi
1031 364 1199 406 domini
1240 362 1381 406 nostri
1414 363 1470 405 ad
1502 363 1715 406 unionem
1748 365 1792 406 et
1823 378 1979 418 pacem

191 449 242 479 ac
274 436 638 479 reformacionem
668 435 947 487 huiusmodi,
980 436 1074 477 tum
1108 435 1212 489 quia
1244 447 1325 488 pro
1358 434 1446 476 illis
1479 434 1575 488 ipse
1608 435 1866 489 magnificus
1900 438 1978 478 do-

192 508 340 550 minus
387 521 564 562 semper
610 507 810 561 vigilavit
859 508 905 549 et
952 506 1135 560 vigilare
1183 506 1378 548 intendit
1425 504 1618 547 fideliter
1665 508 1708 548 et
1756 508 1979 550 ferventer

151 583 334 633 5usque
368 580 431 621 ad.
466 580 654 620 mortem
686 578 916 630 inclusive,
950 591 1082 632 quam
1125 576 1212 619 sibi
1244 577 1380 619 vitam
1420 577 1622 630 putaret,
1665 578 1701 619 si
1744 591 1843 620 cum
1877 592 1980 632 pre-

194 651 414 693 dictorum
447 650 773 703 complemento
805 649 991 691 veniret.
1046 649 1212 690 Ultimo
1246 647 1642 690 ambassiatoribus
1676 648 1787 702 ipsis
1820 650 1980 692 offerre

192 721 340 776 ipsum
372 720 655 775 magnificum
683 721 913 780 dominum
944 722 990 762 et
1021 732 1288 774 quecunque
1320 719 1553 772 possibilia
1585 720 1622 761 ei
1658 719 1748 761 sint
1781 721 1979 774 ipsit-um

193 792 346 847 placiti
378 794 422 834 et
453 792 648 835 honoris.

194 946 265 990 16.
312 944 569 987 ῙηείναῘείίοη
599 945 710 986 Karl
740 946 986 987 Malatestas
1004 945 1090 1000 fvit
1121 947 1230 986 seine
1262 944 1499 987 Gesandten
1532 961 1587 987 cm
1609 944 1652 985 F
1650 946 1809 995 lorenz;
1850 935 1982 988 Uber-

128 1024 179 1065 10
443 1017 628 1072 sendunq
661 1017 734 1058 der
766 1016 883 1059 modi
917 1015 1102 1072 Greyors
1134 1015 1243 1056 XII.
1309 1015 1446 1070 (1413
1477 1015 1727 1073 Friilqjalzr.)

266 1112 298 1145 B
322 1123 386 1146 aus
425 1111 528 1154 Wien,
557 1111 644 1156 Hos·
670 1111 741 1145 und
766 1110 1087 1146 Staatsbibliotleek
1116 1110 1198 1146 Cocl.
1225 1110 1356 1156 5096f.
1385 1111 1521 1157 141vf.

314 1208 427 1249 Item
445 1207 477 1263 ¹)
517 1208 574 1250 ad
614 1207 871 1262 magnificos
916 1208 1119 1250 dominos
1160 1208 1333 1261 priores
1366 1207 1596 1249 Florencie
1636 1209 1866 1261 premissis
1909 1225 1979 1252 re-

196 1278 674 1332 commendacienibus,
717 1279 1024 1322 oblacionibus
1073 1282 1118 1321 et
1165 1277 1427 1321 ceremoniis
1476 1279 1702 1321 consuetis
1742 1295 1978 1336 exponere,

197 1351 318 1405 quod
355 1349 451 1403 ipse
483 1350 743 1404 magnificus
776 1350 984 1392 dominus
1016 1351 1172 1393 videns
1206 1352 1249 1391 et
1283 1349 1572 1392 considerans
1605 1351 1793 1405 labores,
1828 1367 1981 1408 sump-

198 1422 272 1462 tus
305 1422 348 1462 et
380 1434 536 1473 onera,
571 1435 657 1476 que
699 1421 932 1475 magnifica
979 1423 1023 1463 et
1054 1422 1254 1476 preclara
1293 1422 1587 1463 communitas
1622 1422 1850 1466 Florencie
1884 1439 1981 1467 sus-

129 1487 334 1533 15tinuit
365 1505 446 1546 pro
479 1493 644 1534 unione
677 1494 720 1534 et
752 1505 861 1546 pace
894 1507 944 1535 ac
976 1492 1298 1535 reformacione
1337 1493 1490 1534 sancte
1523 1492 1678 1534 matris
1717 1495 1904 1537 ecclesie
1938 1500 1980 1538 et

197 1563 319 1617 quod
362 1563 548 1605 effectus
590 1577 680 1606 non
722 1565 788 1606 est
827 1566 1006 1606 secutus
1046 1565 1301 1617 hucusque,
1346 1564 1399 1605 de
1433 1577 1522 1617 quo
1555 1564 1796 1608 dolendum
1836 1569 1903 1608 est
1936 1570 1981 1610 et

198 1634 394 1688 peccatis
432 1634 662 1676 hominum
700 1634 1012 1689 imputandum
1056 1636 1100 1677 et
1133 1636 1252 1689 quod
1289 1636 1526 1689 propterea
1567 1648 1652 1690 non
1696 1637 1764 1677 est
1806 1650 1832 1678 a
1864 1639 1981 1681 bono

202 1718 336 1759 opere
360 1704 688 1758 declinandum,
722 1707 802 1748 sed
834 1719 886 1748 eo
909 1702 1172 1748 serve'neius·
1190 1705 1501 1757 insistendum,
1525 1719 1613 1759 quo
1637 1707 1774 1759 magis
1798 1710 1981 1751 morbus

198 1776 471 1818 invalescere
503 1776 682 1818 videtur
703 1777 749 1818 in
772 1777 1073 1831 perniciosum
1097 1776 1382 1830 dispendium
1406 1777 1674 1830 animaru1n3
1708 1780 1752 1820 et
1781 1779 1981 1834 audiens,

130 1842 321 1900 20quod
363 1860 443 1901 per
484 1848 725 1889 nonnullos
763 1861 882 1889 nunc
923 1849 1140 1890 tractatur
1181 1861 1263 1901 pro
1305 1847 1547 1890 universali
1592 1848 1776 1892 concilio
1819 1850 1981 1905 fiendo,

200 1918 321 1972 quod
365 1918 587 1960 laudabile
635 1921 753 1960 esset
784 1919 881 1961 fieri
915 1932 1016 1961 cum
1049 1919 1190 1961 modis
1223 1919 1372 1972 equis,
1413 1918 1542 1961 licitis
1581 1921 1626 1961 et
1659 1920 1877 1974 honestis,
1919 1923 1983 1965 ita

200 1989 319 2042 quod
352 1991 472 2031 recta
502 1989 607 2032 unio
641 1992 684 2032 et
716 2003 801 2044 pax
833 2004 938 2033 vera
971 1991 1156 2032 daretur
1188 1991 1352 2045 populo
1386 1990 1624 2032 christiano
1657 1992 1700 2032 et
1732 1995 1982 2047 opportuna

200 2060 460 2103 reformacio
492 2059 621 2102 fieret¹
665 2060 711 2102 in
752 2062 939 2103 ecclesia
971 2063 1125 2104 sancta
1157 2062 1260 2113 Dei,
1301 2061 1418 2115 quod
1460 2062 1515 2103 ad
1555 2062 1745 2104 salutem
1779 2065 1982 2106 crederet

203 2133 245 2173 et
278 2131 476 2185 quietem
517 2133 716 2174 omnium
750 2132 917 2175 Christi
949 2132 1147 2175 fidelium
1188 2134 1231 2174 et
1270 2133 1450 2174 laudem
1491 2133 1536 2174 et
1577 2133 1760 2187 gloriam
1792 2148 1983 2189 operan-

133 2197 187 2239 25
203 2202 320 2244 cium
353 2203 397 2244 et
433 2202 648 2257 precipue
687 2203 1021 2246 communitatis
1061 2205 1256 2258 prefate,
1297 2217 1385 2257 que
1424 2203 1471 2247 in
1513 2204 1723 2258 predictis
1755 2206 1983 2248 laborasse

203 2274 313 2315 adeo
344 2273 440 2316 visa
472 2274 556 2323 est,
605 2273 737 2316 mittit
777 2275 833 2317 ad
874 2274 1255 2328 magnificenciam
1287 2288 1413 2316 suam
1455 2276 1684 2329 tamquam
1725 2277 1787 2318 rei
1827 2277 1983 2319 avidus

202 2357 284 2399 pro
321 2345 561 2387 universali
597 2345 714 2387 bono
763 2347 808 2387 et
851 2346 1170 2389 reformacione
1209 2346 1416 2399 ecclesie,
1465 2346 1589 2388 cuius
1638 2349 1705 2389 est
1746 2361 1900 2390 servus
1940 2350 1984 2390 et

203 2415 430 2468 subditus,
469 2417 512 2458 et
552 2415 764 2470 singulari
797 2418 964 2460 honore
1004 2418 1048 2460 et
1080 2417 1312 2460 commodo
1349 2417 1491 2470 ipsius
1524 2418 1695 2460 excelse
1735 2420 1983 2461 communi-

203 2486 322 2538 tatis,
356 2486 481 2528 cuius
514 2488 582 2529 est
619 2487 806 2530 servitor
846 2491 890 2530 et
928 2491 1112 2542 amator,
1156 2501 1316 2542 rogans
1349 2489 1557 2540 eandem,
1600 2491 1650 2531 ut
1688 2488 1734 2531 in
1772 2490 1983 2542 predictis

132 2554 189 2596 30
203 2556 339 2599 velint
369 2557 657 2612 interponere
696 2561 846 2613 partes
884 2572 989 2601 suas
1022 2560 1142 2614 apud
1181 2573 1472 2613 quoscunque
1504 2559 1696 2602 viderint
1736 2563 1983 2614 oportunos

204 2628 251 2670 et
282 2627 422 2670 eciam
453 2630 725 2683 profuturos,
766 2630 829 2672 ita
860 2631 980 2685 quod
1012 2629 1091 2673 fiat
1130 2630 1382 2672 universale
1414 2630 1650 2672 concilium
1688 2631 1743 2672 ab
1776 2631 1983 2673 omnibus

204 2698 348 2740 tribus
380 2702 673 2742 convocatum
704 2703 748 2743 et
779 2701 1100 2750 auctorizatum
1131 2701 1177 2743 in
1215 2702 1312 2744 loco
1346 2702 1485 2743 libero
1517 2703 1561 2743 et
1593 2714 1750 2743 securo
1782 2703 1827 2744 et
1865 2715 1983 2744 com-

203 2769 327 2811 muni
360 2770 566 2813 omnibus
598 2784 700 2813 cum
732 2773 875 2815 modis
908 2773 1125 2827 congruis,
1158 2771 1288 2814 licitis
1321 2774 1364 2814 et
1396 2772 1611 2825 honestis,
1644 2773 1707 2814 sic
1739 2773 1857 2826 quod
1879 2787 1984 2815 vera

204 2852 292 2894 pax
331 2840 375 2882 et
405 2842 526 2884 recta
557 2842 664 2885 unio
698 2843 829 2886 detur
869 2842 988 2898 gregi
1020 2842 1185 2885 Christi
1219 2845 1262 2885 et
1295 2842 1555 2885 resormacio
1588 2845 1801 2899 sequatur
1833 2845 1876 2884 et
1906 2842 1984 2885 fiat

135 2911 189 2953 35
204 2910 252 2953 in
283 2911 471 2954 ecclesia
502 2912 740 2956 antedicta.

326 3029 353 3073 ¹)
380 3028 449 3063 Die
467 3028 687 3064 lustrat-cion
712 3030 878 3065 achlin-§st
901 3030 977 3065 sich
1002 3030 1226 3065 unmittelbar
1259 3042 1306 3065 an
1327 3030 1391 3072 ,die
1417 3029 1705 3075 vorheryelzende
1731 3041 1777 3063 an
1786 3042 1797 3071 ;
1831 3029 1887 3064 die
1914 3029 1982 3064 Ge-

205 3086 354 3122 &andten
379 3088 460 3123 sind
481 3088 676 3123 dianelben.
