2216 3432
465 146 507 183 A.
549 146 693 181 Johann
717 146 854 184 XXIII.
879 147 953 182 und
979 148 1035 182 die
1061 149 1365 196 Vorbereitungen
1390 163 1466 187 zum
1491 154 1629 191 Konzil.
1671 156 1730 192 Nr.
1755 157 1812 193 46.
1940 148 2023 190 245

263 255 442 299 domino
473 266 577 308 rege
609 253 822 308 predicto,
855 255 890 296 si
925 256 1090 298 debent
1122 258 1351 310 assentire,
1391 261 1509 312 quod
1542 261 1684 303 dictus
1717 263 1919 306 dominus
1952 279 2025 307 rex

262 327 368 370 illuc
399 326 550 369 veniat
579 325 652 367 vel
683 338 787 376 non,
820 325 867 367 in
898 339 1003 368 casu
1036 340 1123 381 quo
1156 330 1436 371 concordium
1474 331 1589 372 inter
1622 333 1844 374 dominum
1876 312 2022 388 regem

263 399 306 441 et
329 397 560 441 dominum
583 396 741 438 ducem
763 396 997 439 Mediolani
1030 401 1306 452 sequeretur„
1344 400 1448 453 quia
1479 402 1656 443 omnino
1690 404 1890 457 dispositi
1923 408 2026 447 sunt

264 469 392 523 sequi
425 468 673 510 secundum
705 467 934 510 consilium
969 470 1014 510 et
1045 482 1200 522 parere
1234 474 1432 512 nostrum
1456 503 1464 512 .
1490 505 1498 513 .
1524 504 1533 512 .
1558 474 1823 526 respondere
1848 475 2022 527 debeas,

222 541 397 598 5quod,
431 540 468 582 si
501 540 765 593 sequeretur
798 539 962 581 dictum
996 541 1280 582 concordium
1311 542 1425 583 inter
1447 542 1613 584 dictum
1637 544 1861 585 dominnm
1883 559 2025 597 regem

267 614 312 655 et
346 613 503 654 ducem
536 610 789 662 Mediolani,
833 611 962 653 nobis
1001 611 1187 661 videtur,
1226 613 1343 665 quod
1383 613 1637 665 permittere
1676 614 1832 656 debeat
1865 616 2028 657 dictum

265 683 492 727 dominum
524 695 673 736 regem
707 681 855 731 venire
889 683 944 724 ad
977 682 1138 723 dictam
1171 695 1295 724 suam
1328 683 1549 725 civitatem
1583 685 1752 736 Parme,
1796 686 1898 738 quia
1930 687 2027 727 red-

266 755 413 798 dimur
445 754 568 805 certi,
603 754 724 808 quod
755 753 802 794 in
827 754 986 795 Parma
1018 755 1061 794 et
1093 753 1298 794 omnibus
1331 753 1424 795 aliis
1457 754 1563 796 locis
1596 754 1686 795 suis
1720 758 1919 808 respectu
1951 769 2027 797 sue

264 824 592 880 magnificentie
632 838 720 866 non
758 825 940 878 possent
980 824 1161 866 tractari
1199 824 1283 865 nisi
1316 838 1379 875 ea,
1421 838 1506 878 que
1539 827 1685 866 essent
1718 838 1816 866 cum
1849 828 2028 868 comodo

47 950 50 951 ⁷
197 899 309 956 10et
347 898 501 939 dextro
543 897 683 938 nostri
723 896 920 945 dominii,
964 896 1041 936 sed
1081 896 1278 937 securius
1317 898 1448 946 esset,
1497 897 1533 936 si
1570 895 1666 936 fieri
1710 899 1872 949 posset,
1914 898 2029 949 quod

0 969 4 1021 ’ς
263 969 519 1011 turbaretur
551 967 852 1016 concor-dium,
887 980 942 1008 ne
966 968 1227 1020 sequeretur
1250 967 1363 1008 inter
1387 967 1613 1007 dominum
1636 980 1779 1020 regem
1802 969 1843 1008 et
1866 968 2028 1008 dictum

265 1041 496 1083 dominum
529 1040 688 1082 ducem
720 1038 971 1087 Mediolani,
1004 1039 1135 1092 prout
1167 1037 1370 1090 superius
1403 1037 1635 1090 tangimus.

0 1121 5 1150 ῑ
385 1110 436 1152 In
477 1111 551 1152 der
598 1109 865 1165 eiyentliclcen
907 1107 1161 1149 Instrulctz‘on
1206 1122 1294 1148 vom
1339 1107 1466 1149 selben
1513 1106 1634 1162 Taye,
1682 1108 1807 1147 icor-in
1853 1107 2033 1148 eru-(llam

265 1183 384 1236 wia-d,
418 1183 492 1223 der
514 1180 648 1236 Papst
677 1181 791 1222 wolle
821 1180 928 1220 nach
962 1178 1150 1234 Boloyna
1181 1180 1267 1219 und
1296 1193 1371 1219 von
1402 1178 1493 1219 dore
1522 1178 1718 1219 entweder
1747 1178 1852 1218 nach,
1877 1177 2032 1217 Parma

199 1270 250 1313 15
267 1255 363 1296 oder
393 1253 601 1294 Piacenza
642 1267 736 1292 zum
777 1250 1027 1306 Colloquium
1065 1253 1139 1291 mit
1181 1249 1434 1305 Siyiswzzcnd‚
1478 1249 1603 1290 heisa-t
1638 1264 1679 1290 es
1715 1248 1815 1289 iiber
1852 1248 1915 1289 <leffe
1949 1247 2032 1287 Zu-

266 1323 592 1379 sammenlcunst:

387 1397 636 1439 Consilium
676 1396 878 1437 nostrum
919 1395 1050 1446 esset,
1092 1394 1242 1434 tenere
1275 1405 1449 1434 omnem
1481 1392 1659 1434 modum
1690 1390 1944 1445 possibilem
1979 1391 2031 1431 de

236 1463 358 1512 'non
395 1468 694 1522 permittendo
738 1479 818 1508 nec
865 1464 1181 1508 consentiendo
1232 1465 1287 1505 ad
1325 1464 1584 1505 descensum
1628 1461 1790 1504 domini
1833 1460 1943 1514 regis
1988 1460 2032 1501 in

268 1540 596 1590 Lombardiam‚
639 1539 689 1580 ut
723 1551 813 1579 non
843 1537 926 1579 iret
957 1549 1038 1578 nec
1070 1537 1124 1578 ad
1157 1537 1304 1589 partes
1337 1536 1477 1577 Janue
1516 1547 1597 1575 nec
1628 1534 1799 1574 veniret
1832 1533 2032 1573 Parmam

197 1629 254 1671 20
268 1625 349 1654 nec
382 1612 438 1654 ad
472 1610 580 1653 alias
613 1611 755 1652 terras
790 1608 969 1660 vicinas,
1003 1607 1212 1661 quoniam
1246 1619 1333 1648 non
1365 1605 1529 1647 faceret
1561 1618 1639 1657 pro
1673 1605 1786 1645 statu
1819 1605 1861 1643 et
1884 1602 2032 1655 quiete

269 1682 537 1726 Lombardie
599 1694 681 1723 nec
741 1693 821 1734 pro
883 1681 1003 1721 statu
1070 1677 1233 1720 domini
1295 1675 1557 1718 marchionis
1626 1687 1704 1715 nec
1765 1674 2032 1726 agendorum

268 1755 536 1801 nostrorum,
571 1766 658 1806 que
688 1752 961 1793 haberentur
993 1749 1173 1791 tractari
1206 1749 1259 1789 de
1292 1747 1407 1789 facto
1439 1747 1574 1799 pacis7
1608 1747 1675 1786 set
1706 1744 1832 1785 nobis
1866 1743 2031 1784 videre-

267 1828 355 1878 tur,
395 1825 529 1879 quod,
573 1824 689 1865 sicut
721 1822 790 1864 his
825 1822 982 1864 diebus
1014 1820 1117 1862 fecit
1150 1820 1276 1861 nobis
1309 1817 1392 1860 dici
1423 1830 1501 1872 per
1533 1815 1750 1858 Aluisium
1791 1815 1843 1855 de
1880 1813 2033 1865 Suffig-

269 1910 401 1948 nano,
446 1896 609 1951 quoda)
645 1895 765 1936 salus
799 1894 1070 1947 agendorum
1103 1890 1402 1944 predictorum
1434 1890 1560 1937 foret,
1604 1887 1652 1927 ut
1684 1885 1886 1927 dominus
1919 1896 2033 1937 papa

198 1985 253 2027 25
269 1968 382 2010 foret
414 1968 650 2009 contentus
684 1968 727 2007 et
759 1965 1046 2007 reduceretur
1079 1963 1134 2004 ad
1156 1961 1457 2003 inclinandum
1479 1959 1619 2000 ire'ad
1640 1958 1787 2011 partes
1810 1953 2031 2001 Foroiulii,

268 2039 345 2082 ubi
384 2039 554 2081 veniret
593 2037 800 2080 dominus
842 2050 918 2078 rex
956 2037 999 2077 et
1036 2034 1097 2076 ibi
1137 2034 1376 2076 abucarent
1418 2045 1464 2072 se
1497 2032 1542 2071 et
1574 2029 1765 2070 facerent
1798 2026 1909 2067 facta
1941 2038 2031 2065 sua.

269 2111 325 2152 Et
375 2111 458 2152 hec
510 2111 627 2151 esset
681 2108 862 2150 evitatio
916 2107 1156 2148 multarum
1209 2102 1624 2156 consequentiarum
1671 2111 1759 2140 non
1803 2097 2031 2138 bonarum.

267 2182 422 2236 Itaque
455 2181 636 2236 quando
668 2181 752 2221 hoc
784 2180 936 2233 posset
967 2177 1077 2229 fieri,
1122 2188 1320 2218 essemus
1358 2173 1545 2215 multum
1578 2168 1786 2212 contenti.
1850 2165 2033 2216 Quando

389 2335 420 2369 a)
445 2334 657 2369 Uebertlilssiq
675 2332 863 2361 wiederholt
883 2333 921 2359 B.
1275 2369 1278 2372 Δ

200 2413 257 2455 30
269 2396 402 2430 tionem
441 2395 526 2429 dicti
564 2395 697 2428 domini
729 2394 821 2438 regis
855 2394 892 2426 in
924 2392 1074 2431 Italiam,
1112 2392 1151 2423 ut
1183 2389 1340 2422 assumat
1372 2394 1533 2419 coronam
1572 2387 1605 2416 et
1637 2380 1727 2425 quod
1760 2379 1820 2412 fiat
1851 2376 2031 2441 concilium

269 2455 434 2500 generale
472 2455 511 2488 in
545 2464 719 2488 concursu
758 2456 792 2487 et
826 2453 964 2486 unitate
1002 2450 1155 2484 omnium
1195 2447 1413 2480 dominorum
1449 2444 1783 2477 ultramontanorum
1818 2440 1851 2470 et
1884 2445 2034 2469 oninium

271 2515 490 2548 dominorum
519 2517 554 2548 et
579 2513 857 2547 dominationum
885 2511 1012 2545 Tuscie
1039 2511 1073 2543 et
1096 2506 1315 2546 Lombardie‚
1335 2533 1342 2540 .
1362 2530 1370 2538 .
1390 2530 1397 2538 .
1417 2503 1542 2536 debeat
1560 2501 1646 2534 mitti
1667 2499 1709 2532 ad
1728 2499 1840 2541 ipsum
1861 2494 2032 2528 dominun]

270 2573 507 2607 marchionem
541 2578 575 2606 et
606 2572 825 2617 Ugucionem
859 2581 951 2604 unus
989 2571 1109 2603 noster
1142 2565 1307 2600 solemnis
1341 2562 1581 2596 ambassiator.
1645 2558 1722 2591 Der
1764 2553 1935 2589 Gesmidta
1972 2551 2038 2584 wll

269 2644 336 2667 vor
368 2633 471 2666 allam
492 2631 684 2677 folyendes
719 2630 914 2665 berithren:
945 2629 1128 2663 Facientes
1162 2635 1267 2669 super
1296 2623 1433 2656 duobus
1459 2621 1495 2654 in
1523 2619 1638 2663 specie
1663 2616 1935 2652 fundamentum,
1969 2611 2036 2654 pri-

201 2707 257 2750 35
272 2695 379 2726 mitus
406 2702 514 2736 super
538 2691 642 2725 factis
669 2691 891 2731 Lombardie'‚
926 2688 1020 2723 unde
1047 2686 1209 2720 dominus
1236 2694 1296 2717 rex
1322 2681 1424 2715 debet
1451 2679 1578 2712 habere
1604 2677 1692 2710 viam
1719 2674 1886 2708 transitus
1912 2671 1966 2704 sui
1992 2669 2033 2702 ad

272 2753 335 2795 has
367 2754 486 2796 partes
525 2754 560 2784 et
590 2750 720 2784 iudicio
752 2752 874 2783 nostro
906 2748 999 2782 facta
1030 2747 1109 2790 ipsa
1141 2741 1349 2778 Lombardie
1386 2748 1457 2772 non
1488 2738 1575 2770 bene
1607 2733 1845 2771 succederent,
1884 2728 2033 2763 secundo

272 2821 380 2856 super
404 2810 506 2844 factis
533 2810 648 2854 ipsius
675 2809 782 2853 regis,
809 2809 870 2853 qui
896 2807 1015 2841 habito
1043 2813 1192 2838 ascensu
1218 2800 1434 2834 dominorum
1463 2795 1586 2829 dehinc
1611 2792 1799 2826 ferventius
1829 2787 2034 2822 accendetur

272 2870 317 2904 ad
344 2869 629 2904 descendendum
657 2878 720 2913 pro
748 2877 877 2901 corona
902 2865 1040 2910 imperii
1067 2866 1100 2897 et
1125 2862 1168 2896 ad
1195 2856 1453 2905 provocandum
1479 2852 1640 2899 generale
1667 2849 1849 2885 concilium
1876 2845 1974 2880 modo
2002 2846 2035 2877 et

273 2930 508 2974 dispositione
542 2939 618 2970 sua,
652 2930 687 2962 et
718 2930 889 2971 quantum
926 2926 990 2959 hoc
1021 2923 1134 2957 facere
1166 2930 1228 2965 pro
1254 2918 1394 2952 domino
1420 2913 1628 2952 marchione,
1655 2911 1731 2954 ipse
1756 2904 2033 2974 sapientissimus

200 3004 260 3047 40
273 2989 363 3024 bene
389 2991 507 3033 potest
531 2987 765 3023 considerare.
815 2984 891 3019 Aus
920 2980 1169 3018 Scaatsareln'v
1201 2976 1362 3022 Venedi9‚
1391 2969 1658 3013 Delz'berazioni
1681 2968 1739 3002 del
1763 2965 1892 3000 senato
1925 2962 1940 2996 l
1964 2960 2032 3006 sol.

273 3046 389 3085 1532>-
415 3047 488 3082 und
509 3045 591 3083 154.
