2216 3432
451 186 494 221 A.
520 185 683 222 Johanns
707 185 848 223 XXIII.
873 184 1151 220 Gesandtschaft
1174 184 1265 220 nach
1291 184 1461 230 spanien.
1490 186 1736 222 1410—1413.
1768 185 1830 222 Nr.
1850 187 1880 223 1.
2004 176 2060 218 23

391 295 505 338 Item
550 293 830 347 allegabunt,
879 292 1000 347 quod
1047 306 1073 335 a
1117 291 1298 347 publice
1346 292 1739 335 excommunicatis
1787 293 1870 336 fuit
1916 293 2059 336 factus

270 378 506 422 processus
539 400 548 408 .
584 398 594 408 .
629 397 639 407 .

391 438 503 480 Item
535 437 806 491 allegabunt,
839 435 958 490 quod
989 435 1364 489 congregaciones
1386 434 1739 477 scismaticorum
1772 448 1860 477 non
1891 436 2061 479 faciunt

270 507 505 551 concilium
536 508 745 563 generale
778 520 859 549 seu
892 496 983 549 non
1015 507 1329 561 representant
1362 504 1594 547 ecclesiam
1628 505 1924 549 universalem
1959 539 1968 549 .
2004 542 2012 550 .
2049 542 2057 550 .

229 587 255 628 5
388 579 498 622 Item
533 611 542 620 .
567 611 577 621 .
602 611 611 621 .
646 578 766 634 quod
800 611 844 620 ..
869 611 878 620 .
912 578 1072 633 prelati
1105 578 1161 619 de
1194 578 1322 632 parte
1355 590 1437 619 sua
1470 590 1559 620 non
1591 578 1835 631 potuerunt
1868 592 1950 620 nec
1983 579 2060 621 de-

270 651 469 693 buerunt
500 651 815 705 quoquomodo
838 663 940 692 cum
961 649 1127 691 talibus
1151 649 1415 691 scismaticis
1438 648 1676 691 convenire
1709 649 1757 691 in
1780 649 1969 706 concilio
1990 682 1999 691 .
2021 682 2029 691 .
2051 683 2059 691 .

387 722 499 764 Item
530 723 725 774 fon-sana)
757 721 1027 774 allegabunt,
1060 720 1181 774 quod
1214 733 1304 762 non
1337 720 1478 762 valuit
1516 721 1749 763 sentencia
1782 721 1935 762 contra
1969 734 2056 763 non

270 793 468 848 legitime
501 793 684 836 citatum
717 806 768 835 ac
802 793 1061 835 mandatum
1095 823 1104 833 .
1140 824 1149 833 .
1184 823 1193 832 .

389 866 500 907 Item
541 864 803 907 eiectionem
846 863 1039 907 Romani
1089 862 1309 918 pontificis
1352 877 1377 906 a
1415 864 1583 917 papatu
1637 863 1758 905 solus
1800 864 1920 905 Deus
1969 863 2054 906 sibi

199 945 254 986 10
270 936 513 979 reservavit
546 968 556 978 .
591 968 600 978 .
635 968 645 978 .

387 1008 499 1050 Item
536 1007 723 1050 forsitan
756 1007 1036 1061 allegabunt,
1078 1007 1200 1060 quod
1238 1006 1321 1048 iste
1353 1019 1589 1061 processus
1623 1007 1666 1047 et
1699 1006 1929 1048 sentencia
1960 1006 2056 1048 fue-

268 1081 374 1121 runt
405 1079 533 1121 valde
566 1078 836 1134 precipitati,
869 1077 974 1132 quia
1015 1077 1130 1119 infra
1169 1078 1280 1119 duos
1325 1090 1503 1119 menses
1545 1077 1699 1130 agitati
1738 1079 1779 1119 et
1824 1078 1913 1120 lata
1956 1091 2057 1119 sen-

268 1150 426 1200 tencia,
461 1182 470 1191 .
505 1182 514 1191 .
550 1182 559 1192 .
594 1150 715 1204 quod
751 1149 1045 1206 innprocessu
1077 1163 1167 1192 non
1200 1149 1490 1191 nominantur
1523 1150 1662 1190 testes
1705 1146 1931 1203 propriob)
1978 1162 2058 1190 no-

266 1222 399 1272 mine,
433 1235 485 1263 ex
518 1221 683 1276 quibus
717 1220 929 1263 dicuntur
961 1220 1139 1275 probati
1172 1234 1271 1263 esse
1305 1220 1522 1273 articuli„
1559 1252 1568 1262 .
1603 1255 1611 1262 .
1647 1221 1769 1275 quod
1809 1234 1899 1262 non
1931 1221 2058 1262 tene-

199 1302 251 1343 15
267 1293 400 1335 batur
433 1293 705 1335 constituere
738 1294 1075 1346 procuratorem
1110 1326 1118 1335 .
1154 1324 1163 1333 .
1199 1324 1208 1333 .

385 1365 499 1406 Item
531 1365 748 1418 poterunt
781 1364 997 1418 allegare,
1037 1364 1157 1418 quod
1199 1362 1296 1418 ipse
1332 1363 1492 1405 Petrus
1536 1363 1583 1404 in
1622 1362 1809 1405 concilio
1843 1376 1924 1405 suo
1958 1377 2059 1405 cum

265 1436 577 1478 instrumentis
616 1435 808 1489 publicis
850 1434 912 1476 ibi
950 1435 1077 1477 factis
1121 1437 1166 1477 et
1205 1434 1382 1489 scriptis
1421 1434 1598 1489 publice
1640 1436 1716 1476 aut
1763 1435 1934 1476 occulte
1976 1448 2058 1489 per

265 1520 364 1549 eum
405 1507 643 1562 supposuit
681 1520 728 1548 se
766 1507 810 1548 et
854 1507 970 1549 facta
1011 1508 1056 1549 et
1095 1507 1263 1560 scripta
1302 1509 1347 1548 et
1386 1506 1506 1548 dicta
1544 1505 1798 1548 huiusmodi
1840 1506 2055 1548 determi-

266 1578 441 1621 nacioni
474 1579 756 1620 sacrosancte
790 1578 994 1620 Romane
1032 1578 1241 1630 ecclesie,
1285 1591 1367 1632 per
1400 1578 1521 1632 quod
1553 1577 1732 1619 videtur
1765 1577 1966 1620 excusari
2000 1578 2054 1619 ab

195 1661 252 1702 20
268 1650 413 1692 heresi
447 1651 492 1692 et
524 1650 731 1691 scismate
766 1683 774 1691 .
811 1681 820 1690 .
855 1681 864 1690 .

386 1722 497 1763 Item
530 1720 770 1773 fortassis⁰)
804 1721 1085 1774 allegabunt,
1133 1721 1255 1775 quod
1294 1719 1533 1762 concilium
1567 1720 1672 1762 dicti
1708 1720 1828 1762 Petri
1867 1721 1914 1762 in
1948 1721 2056 1762 Per-

265 1792 447 1847 piniano
481 1805 614 1846 super
656 1790 1027 1847 prosecucioned)
1074 1792 1252 1835 unionis
1287 1791 1470 1834 ecclesie
1504 1792 1803 1844 celebratum,
1846 1792 1902 1834 ad
1935 1792 2055 1846 quod

266 1878 344 1919 pei·
382 1864 550 1906 bullam
596 1863 820 1920 affixame)
864 1863 1044 1918 publice
1093 1864 1140 1905 in
1188 1863 1326 1905 valvis
1370 1863 1556 1905 ecclesie
1606 1866 1652 1905 et
1699 1863 1770 1905 sui
1816 1863 1976 1918 palacii
2008 1863 2053 1905 in

265 1936 405 1978 Portu
432 1934 614 1978 Veneris
646 1935 830 1977 fuerunt
862 1935 1005 1978 vocati
1037 1949 1191 1978 omnes
1222 1935 1412 1977 vocandi
1446 1936 1500 1977 de
1533 1934 1796 1977 obediencia
1828 1948 1922 1987 sua,
1956 1936 2053 1988 ipse

193 2019 247 2060 -25
266 2007 425 2049 Petrus
458 2007 540 2049 fuit
573 2008 817 2062 aprobatus
851 2007 1097 2049 catholicus
1130 2008 1174 2049 et
1195 2021 1328 2049 verus
1361 2006 1630 2048 christianus
1664 2008 1709 2048 et
1742 2007 1796 2048 de
1831 2007 1914 2049 hoc
1947 2021 2054 2048 con-

262 2080 354 2121 stat
395 2092 476 2134 per
518 2079 819 2121 instrumenta
858 2078 1039 2133 publica
1083 2078 1223 2121 eciam
1270 2079 1480 2120 manibus
1523 2079 1819 2133 prelatorum,
1867 2078 1943 2132 qui
1990 2078 2051 2120 ibi

261 2150 575 2204 interfuerunt,
610 2150 764 2205 paucis
796 2151 993 2205 exceptis
1027 2150 1294 2205 subscripta.

382 2223 494 2264 Item
527 2223 648 2277 quod
681 2222 825 2265 dictus
860 2224 1019 2265 Petrus
1051 2223 1246 2265 tenendo
1279 2236 1409 2264 suum
1434 2222 1673 2264 concilium
1706 2222 1752 2264 in
1777 2222 2050 2276 Perpiniano

261 2294 330 2336 vel
364 2294 521 2336 saltem
552 2294 652 2348 ipso
686 2295 926 2336 mandante
960 2293 1040 2336 fuit
1073 2294 1170 2348 ipse
1203 2291 1434 2350 vocatusf)
1472 2295 1528 2336 ad
1561 2294 1801 2336 concilium
1835 2294 2050 2336 Pisanum

190 2374 248 2416 30
262 2366 307 2407 et
339 2379 430 2408 non
461 2365 610 2419 potuit
645 2379 723 2408 nec
757 2366 913 2408 debuit
945 2366 1001 2408 ad
1034 2365 1203 2408 dictum
1236 2365 1471 2408 concilium
1502 2366 1667 2408 venire.

381 2438 438 2479 Et
469 2437 588 2480 idem
621 2438 675 2480 de
707 2437 807 2480 aliis
841 2437 986 2480 dubiis
1019 2438 1347 2481 occurentibus.

382 2639 413 2674 a)
434 2639 559 2667 forsam
579 2640 616 2666 B.
691 2639 723 2674 b)
742 2639 850 2674 primo
873 2640 901 2667 C'.
976 2639 1004 2674 c)
1026 2638 1164 2667 fortasis
1185 2640 1220 2666 Β.
1287 2639 1319 2674 (l)
1341 2647 1487 2674 prossec.
1508 2641 1544 2667 Β.
1619 2640 1648 2673 o)
1670 2639 1791 2667 affixam
1812 2640 1848 2665 B.
1928 2638 1953 2672 f)
1976 2645 2052 2665 con-

263 2687 403 2714 vocatus
423 2688 460 2714 Β.
