2216 3432
1547 0 1582 18 ‘2'
1603 0 1609 13 '-
1638 0 1679 21 ⁴4⁰
1696 0 1804 23 ’“”’».

190 134 192 136 ’
238 147 318 189 168
560 152 603 188 11.
630 151 828 187 Absehnitt.
878 150 949 185 Das
974 147 1145 184 rssmische
1168 147 1309 184 Konzn.
1359 147 1451 183 1412
1474 147 1549 182 und
1576 147 1678 183 1413.

234 263 382 317 gatum
415 271 654 303 convocare
685 255 887 311 generale
919 254 1154 298 concilium
1185 253 1229 295 in
1263 251 1441 297 civitate
1470 252 1671 297 Bononie
1682 253 1719 311 1>
1750 254 1822 298 die
1853 255 1998 311 prima

235 331 397 375 mensis
429 328 678 372 Decembris
720 340 800 382 pro
837 324 1110 381 providendo
1151 324 1206 366 ad
1244 336 1310 376 ea,
1357 336 1444 378 que
1483 325 1588 366 sunt
1628 325 1879 370 necessaria
1914 339 1997 382 pro

235 415 338 444 vera
369 400 530 443 unione
563 399 713 440 sancte
746 397 898 438 matris
932 395 1136 437 ecclesie:
1169 394 1502 449 respondemus,
1535 395 1655 449 quod
1687 429 1696 438 .
1732 426 1741 437 .
1776 429 1786 439 .
1820 409 1997 453 semper

233 470 476 525 optavimus
518 471 561 511 et
592 470 797 522 optamus
838 478 990 508 veram
1020 465 1230 508 unionem
1264 495 1273 506 .
1308 496 1317 506 .
1351 497 1361 507 .
1396 465 1460 507 De
1493 464 1816 518 significatione
1847 469 1997 511 autem

234 541 360 584 nobis
398 542 511 583 facta
548 540 600 580 de
638 537 949 580 convocatione
987 535 1161 578 concilii
1203 534 1389 588 predicti
1432 535 1589 578 devote
1630 536 1852 580 sanctitati
1890 540 2038 594 apo-5

236 611 388 654 stolice
416 612 458 652 et
490 623 567 651 sue
591 607 957 650 reverendissime
988 604 1247 661 paternitati
1271 604 1562 659 regratiamur
1596 637 1605 648 .
1630 639 1639 649 .
1665 637 1689 658 .‚
1722 607 1998 652 declarantes

240 679 600 723 reverendissimo
646 678 900 732 paternitati
949 690 1042 729 sue,
1091 676 1208 730 quod
1256 678 1454 731 tempore
1495 677 1850 732 congregationis
1891 679 1998 723 dicti

241 750 411 794 concilii
458 749 619 791 erimus
663 747 870 799 contenti,
913 747 1029 801 quod
1069 760 1220 788 omnes
1259 746 1419 801 prelati
1459 747 1679 789 terrarum
1717 748 1763 790 et
1801 748 1997 792 locorum

238 824 484 864 nostrorum
515 819 570 861 ad
601 819 709 861 illud
741 819 902 860 vadant
933 820 977 860 et
1008 817 1171 860 faciant
1205 817 1404 859 debitum
1436 830 1579 870 suum,
1613 819 1662 860 ut
1692 819 1917 863 tenentur.

357 974 382 1016 ¹)
408 972 495 1006 Hier
520 984 595 1005 :um
622 976 739 1005 ersten
766 970 840 1004 Mal
860 975 1022 1015 ycmtnut.
2015 977 2069 1020 10
