2216 3432
230 167 313 209 382
550 172 613 207 111.
639 171 841 206 Abschnitt.
890 166 1167 213 Vorgeschichte
1192 166 1252 200 des
1277 165 1501 200 Konstanzor
1523 163 1683 200 Konzils.

227 284 312 334 via,
362 281 524 323 veritas
563 280 606 320 et
652 277 744 320 vita
796 279 885 328 est,
935 275 1030 317 sine
1077 273 1166 315 fine
1217 271 1400 315 feliciter
1437 284 1632 326 regnare.
1705 269 1999 313 Serenissime

227 354 448 408 princeps,
480 350 612 391 frater
634 349 784 390 noster
805 344 1125 401 precarissime..
1171 343 1390 385 Hesterna
1411 343 1482 385 die
1504 355 1603 384 cum
1624 341 1846 384 hilaritate
1867 341 2000 384 solita

228 423 393 464 litteras
438 422 605 463 vestras
656 432 736 473 per
784 419 978 459 vestrum
1027 427 1251 457 cursorem
1306 413 1507 456 baiulum
1549 413 1801 467 presentem
1843 411 1998 454 allatas

228 493 473 546 recepimus
511 490 702 532 sumarie
740 489 784 530 in
830 488 989 529 effectu
1029 485 1323 536 continenteS,
1363 497 1442 526 vos
1482 483 1734 538 percepisse
1777 495 1999 525 summum

229 563 483 618 pontificem
522 560 785 602 Auinionem
829 559 913 599 cito
954 558 1102 611 petere
1145 555 1397 609 abindeque
1437 554 1703 608 Lugdunum
1733 553 1922 596 transire
1955 550 2040 595 et5

229 633 459 676 conventio
500 632 585 683 illa,
618 644 704 684 que
756 630 800 670 in
843 628 1126 679 Werdunffl),
1180 628 1227 667 ut
1272 639 1350 679 per
1394 624 1519 679 prius
1564 624 1855 678 scripseratis,
1902 623 1998 666 fieri

230 705 423 755 deberet,
463 703 499 743 si
544 701 671 743 nobis
710 702 881 754 gratum
914 699 1039 743 foret.
1079 698 1122 738 in
1157 697 1423 750 Lugdunum
1463 692 1834 749 transferretur,¹’)
1866 694 1999 736 relin-

229 776 416 828 quentes
455 775 602 814 tamen
647 772 795 812 nostre
834 769 999 823 optioni
1033 768 1076 809 in
1110 768 1246 809 altero
1280 766 1576 821 predictorum
1609 766 1802 808 locorum
1837 765 1998 807 sacien-

230 845 346 885 ‹lum.
432 842 719 885 Serenissime
780 841 997 895 princeps,
1060 839 1193 880 frater
1244 837 1563 892 precarissime,
1624 836 1999 891 quemadmodum

230 928 369 968 nuper
421 927 497 968 per
538 913 700 966 scripta
747 913 895 953 nostra
935 909 1197 951 fraternitati
1235 910 1378 950 vestre
1416 906 1820 962 significavimus,¹)
1857 905 1918 948 sic
1956 907 1999 948 et
2016 903 2071 946 10

228 999 344 1027 nunc
388 997 559 1025 rursum
600 984 874 1030 intimamus,
917 982 1049 1035 quod,
1093 980 1350 1035 priusquam
1394 979 1732 1021 ambassiatores
1771 978 1911 1020 nostri
1944 978 1998 1021 de

227 1058 372 1098 vestra
414 1055 635 1109 presentia
676 1054 730 1095 ad
764 1067 845 1095 nos
886 1052 1069 1106 regressi
1116 1052 1304 1102 fuemnt,
1345 1051 1566 1105 principes
1605 1050 1814 1092 electores
1850 1050 1894 1091 et
1925 1049 1999 1091 alii

228 1128 453 1179 magnates
501 1125 689 1179 partium
735 1124 966 1165 Alainanie
1020 1136 1098 1176 per
1149 1122 1286 1163 multa
1332 1123 1590 1176 argumenta
1635 1122 1870 1174 coegerunt
1916 1133 1998 1161 nos

231 1196 560 1250 quodammodo
585 1196 669 1237 vim
692 1197 840 1236 nostre
863 1193 1075 1235 voluntati
1100 1193 1308 1235 facientes
1332 1206 1412 1247 pro
1434 1193 1577 1247 prima
1599 1204 1762 1233 corona
1783 1190 1998 1245 imperiali

230 1267 526 1321 suscipienda.
600 1266 670 1307 Sic
722 1266 870 1319 itaque
922 1265 1118 1319 ipsorum
1171 1264 1369 1317 preventi
1422 1265 1465 1305 et
1516 1262 1616 1304 victi
1669 1261 1997 1315 perspicacibus
2015 1255 2068 1298 15

227 1338 447 1379 instantiis
499 1337 769 1379 decrevimus
815 1336 931 1377 dicta
978 1348 1139 1377 corona
1186 1335 1299 1376 circa
1349 1334 1598 1388 proximum
1652 1334 1811 1375 festum
1857 1331 1996 1374 sancti

228 1409 339 1450 Galli
374 1409 516 1462 capud
550 1410 747 1448 nostruin
782 1406 1079 1448 decorandum
1113 1407 1156 1446 et
1189 1406 1246 1447 ob
1280 1406 1374 1454 hoc,
1415 1404 1547 1446 frater
1579 1405 1727 1446 noster
1759 1402 1997 1453 carissime,

227 1479 396 1520 dierum
447 1478 751 1519 conventionis
804 1479 955 1518 mutue
1004 1478 1045 1517 et
1098 1476 1394 1518 coronationis
1448 1476 1593 1517 nostre
1640 1487 1738 1515 sese
1784 1473 1996 1515 continuo

226 1550 502 1602 sequentium
536 1549 791 1603 proximitas
821 1550 863 1590 et
886 1547 1247 1602 1‘›reoccupatio⁰),
1282 1547 1335 1588 ad
1370 1545 1624 1588 huiusmodi
1657 1545 1996 1586 conventionem

226 1619 469 1660 faciendam
509 1619 695 1660 termino
736 1621 777 1660 et
819 1618 915 1659 loco
954 1618 1215 1672 presignatis
1260 1631 1349 1659 non
1390 1630 1521 1671 posse
1560 1629 1728 1658 vacare.
1802 1614 1857 1655 Et
1895 1626 1995 1655 ecce
2010 1609 2068 1652 20

226 1690 364 1731 dictos
399 1690 616 1731 solemnes
650 1689 991 1730 ambassiatores
1025 1703 1076 1730 ex
1110 1688 1450 1730 notabilioribus
1484 1689 1526 1728 et
1558 1685 1804 1741 potioribus
1836 1683 1996 1726 nostris

226 1760 482 1801 consiliariis
516 1761 626 1801 eirca
660 1760 887 1801 materiam
912 1761 1161 1813 presentem
1186 1759 1423 1800 instructos
1447 1758 1720 1812 providimus
1744 1768 1918 1797 rursum
1941 1754 1996 1796 ad

224 1830 356 1871 vestri
398 1829 709 1884 presentiamd)
754 1830 1054 1879 destinando&
1105 1830 1180 1884 qui
1223 1830 1396 1883 plenius
1436 1828 1629 1870 referunt
1666 1828 1810 1869 vestre
1843 1826 1997 1868 frater.-

225 1901 350 1943 nitati
384 1903 485 1942 vota
520 1901 730 1955 nostrast)

343 2054 373 2085 a)
400 2052 507 2080 Werd.
534 2053 588 2079 mir
615 2052 954 2086 Abkizrzunmzeichen
984 2053 1016 2079 Β.
1101 2052 1134 2082 b)
1161 2051 1383 2079 transferetur
1410 2051 1446 2078 Β.
1525 2050 1555 2084 c)
1584 2050 1623 2077 So
1651 2048 1779 2077 absolut
1805 2043 2067 2086 komtruirt.25

226 2100 258 2133 d)
280 2099 369 2133 Folyt
391 2100 482 2134 ipsos
504 2100 539 2127 B.

225 2163 344 2193 nostro
372 2161 613 2194 amantissimo
642 2160 711 2192 und
734 2159 952 2194 achliesslieh
982 2159 1172 2203 Hymfredo
1199 2159 1271 2193 filio
1299 2163 1333 2193 et
1358 2158 1456 2193 fratri
1484 2168 1602 2202 regum
1632 2156 1757 2201 Anglie
1783 2155 1863 2190 duci
1889 2154 1997 2189 Glou·

225 2219 360 2259 cestrie,
386 2220 503 2252 comiti
531 2219 720 2262 l‘embroye
746 2224 779 2251 et
798 2220 986 2252 camerario
1015 2219 1141 2263 Anglie
1167 2218 1431 2262 consanguineo
1459 2221 1578 2251 nostro
1604 2216 1798 2250 carissimo.
1854 2213 1996 2249 Gerade

225 2289 287 2310 aas
313 2277 377 2310 der
404 2277 532 2311 letsten
560 2277 714 2311 Mrem
748 2278 880 2311 ersielac
904 2290 981 2311 man
1016 2278 1157 2320 wimlcr,
1190 2278 1252 2311 wie
1286 2277 1396 2321 weniy
1423 2275 1519 2310 Hele!
1549 2274 1754 2321 Siyiwmnd
1785 2285 1849 2308 aas
1876 2273 1996 2307 set'nen

229 2334 518 2380 Verlaandlunyen
544 2336 605 2369 mit
629 2335 749 2370 beiden
777 2335 936 2381 Kb'niyen
961 2337 1079 2371 ‚nocht
1103 2336 1174 2370 und
1196 2336 1259 2370 wie
1287 2347 1328 2369 er
1351 2335 1407 2369 die
1434 2346 1501 2369 von
1527 2333 1593 2368 ihm
1619 2332 1793 2368 erstrebte
1820 2331 1995 2377 Et‘m'yuny
2010 2325 2068 2367 30
2206 2342 2216 2407 i

229 2393 285 2427 bei
310 2394 429 2428 beiden
456 2395 671 2439 identificirt.
2209 2411 2216 2443 1

348 2455 372 2496 ¹)
402 2453 476 2487 Das
504 2454 551 2487 1⁸38
574 2453 638 2487 der
662 2453 947 2499 vorleeryeleemle
977 2453 1089 2499 Brt‘ej.

345 2511 372 2554 ²)
399 2510 532 2545 Hieran
566 2512 730 2546 soldius-t
759 2513 833 2546 sicli
861 2524 927 2546 nur
952 2513 1062 2547 durch
1090 2513 1191 2547 einen
1218 2511 1354 2547 Absatz
1377 2515 1543 2558 yeerennt
1555 2510 1747 2557 folqenden
1774 2508 1898 2550 Seuck,
1930 2507 1996 2543 aas

226 2570 299 2603 sich
342 2569 429 2603 nac-le
467 2571 532 2603 den
570 2570 703 2605 andern
747 2570 985 2605 Dok-umenten
1024 2571 1093 2605 und
1128 2572 1217 2605 nach
1254 2571 1320 2605 der
1358 2570 1562 2616 Einlet‘tunq
1599 2567 1672 2604 232
1707 2569 1806 2603 nicht
1840 2567 1909 2614 aus
1939 2566 1995 2602 elie

226 2629 667 2673 enyl1'8cl13sranziisiscl1en
699 2628 936 2664 Verhmtnisse
970 2629 1137 2664 beziehen
1167 2629 1272 2672 kann,
1303 2629 1457 2664 sondern
1487 2628 1555 2674 auf
1576 2628 1652 2663 eine
1678 2626 1809 2662 andere
1835 2626 1995 2672 wichtiye
2010 2617 2066 2660 35

226 2686 511 2732 Anyeleyenheit,
536 2688 591 2722 die
615 2688 683 2733 aus
695 2688 766 2722 dem
787 2687 918 2723 Konzil
940 2694 1177 2735 aueyetrayen
1194 2688 1335 2723 werden
1353 2688 1438 2724 soll.-
1463 2687 1599 2722 Caritas
1617 2687 1771 2732 flagrans
1790 2690 1825 2720 et
1840 2685 1996 2720 fraterna

223 2746 302 2789 ipsa
326 2756 391 2779 nos
416 2747 605 2791 compellit,
630 2750 670 2781 ut
696 2747 882 2792 loquamur
906 2748 950 2781 ad
978 2748 1126 2784 literam.
1153 2748 1356 2782 Tractatum
1381 2746 1544 2792 equidem
1571 2745 1757 2781 concordie
1775 2744 1818 2779 de
1835 2747 1869 2779 et
1887 2754 1995 2790 super

225 2806 297 2838 tam
323 2805 544 2849 magnalibus
571 2807 636 2839 toti
663 2806 792 2840 mundo
818 2807 967 2841 notoriis
992 2807 1145 2852 negotiis
1171 2807 1209 2841 in
1226 2806 1303 2841 loco
1321 2807 1458 2851 privato
1475 2805 1590 2840 faeere
1607 2804 1784 2840 nescimus
1801 2802 1994 2838 diiudicare

224 2873 289 2897 nee
317 2864 542 2908 interpretari
578 2864 622 2898 ad
648 2865 777 2899 bonum
804 2865 989 2902 malumve.
1035 2865 1164 2900 Nostro
1189 2864 1346 2911 profecto
1371 2865 1502 2900 iudicio
1528 2863 1794 2899 convenientius
1818 2861 1996 2897 videretur

225 2923 343 2966 potius
379 2922 475 2956 illam
512 2924 550 2957 in
582 2923 729 2957 concilio
767 2924 925 2968 generali
959 2924 1242 2966 Constantiensi,
1278 2924 1341 2959 ubi
1378 2934 1498 2969 regum
1536 2926 1572 2958 et
1605 2922 1753 2958 aliorum
1794 2909 2067 2967 principatum

225 2980 472 3015 catholicorum
506 2984 541 3015 et
566 2982 779 3027 prelatorum
811 2982 884 3018 fere
915 2983 957 3017 de
989 2986 1063 3018 toto
1097 2983 1181 3018 orbe
1211 2986 1383 3018 terrarum
1414 2983 1560 3029 copiosa
1592 2981 1758 3017 convenit
1793 2977 1994 3020 multitudo,

226 3048 328 3084 quam
356 3038 442 3072 alibi
466 3039 683 3075 tractandam
716 3044 751 3075 et
775 3041 938 3076 ventilari
963 3041 1102 3084 debere,
1133 3045 1185 3084 ut,
1216 3041 1316 3077 sicud
1346 3041 1440 3076 fama
1463 3040 1671 3088 preambuln
1694 3050 1811 3076 rerum
1835 3038 1996 3076 ordinem
