2216 3432
262 169 347 212 240
585 177 646 216 III.
674 175 870 210 Abschnitt.
918 172 1191 218 Vorgeschichte
1217 171 1277 206 des
1302 171 1526 208 Konstanzer
1550 171 1729 208 Konzils.'

262 299 404 330 omen.
466 284 738 337 Frequenter
776 283 938 334 autem,
977 292 1122 334 ymmo
1154 278 1250 321 sine
1280 277 1610 321 intermissione
1642 279 1792 320 nostre
1823 277 2025 322 censide-

264 356 452 398 racionis
484 355 632 397 oculos
667 354 859 395 levantes
891 352 937 393 in
969 350 1157 392 circuitu
1189 350 1282 391 vias
1305 351 1348 391 et
1370 349 1537 401 modos,
1569 362 1649 403 per
1671 361 1783 402 quos
1805 350 2024 404 oportune

261 425 522 482 provisionis
560 424 736 466 salubre
772 422 1012 464 remedium
1050 421 1097 462 in
1128 419 1358 474 premissis
1390 421 1542 473 posset
1576 419 1788 470 exhiberi,
1826 419 2024 471 studiose

263 497 544 551 exquirimus,
577 494 837 537 arbitrantes
869 506 1019 545 regum
1054 494 1098 533 et
1129 491 1381 545 principum
1414 491 1733 532 catholicorum
1761 489 1882 532 orbis
1904 493 2024 534 terre

264 568 445 610 concilia
477 569 520 608 et
551 565 710 608 auxilia
741 565 795 605 ad
828 562 1182 605 reformationem
1215 561 1332 603 illius
1366 561 1459 602 fore
1483 562 1716 615 oportuna.
1770 561 1882 604 Cum
1902 560 2065 605 vide-5

264 652 387 681 amus
435 637 700 679 invalescere
744 634 955 676 malitiam
1002 633 1148 687 potius
1192 645 1321 686 quam
1366 645 1562 683 cessare,
1610 644 1727 674 nunc
1767 633 1903 675 verbo
1942 645 2025 687 per

264 709 462 758 nuntios,
510 721 625 750 nunc
674 705 832 747 litteris
879 704 1203 746 sanctissimum
1258 702 1483 745 dominum
1532 704 1730 744 nostrum
1776 703 2025 746 Johannem

263 793 422 834 papam
454 779 591 820 XXIII
633 777 846 818 adeuntes
886 774 1196 829 requisivimus
1235 774 1513 815 incessanter
1551 774 1595 814 et
1625 774 1838 816 instantia
1876 774 2026 817 debita

263 851 422 892 fuimus
455 847 684 897 exhortati,
717 847 822 902 ut,¹¹)
853 846 957 899 quia
989 859 1159 887 summe
1193 845 1491 887 necessarium
1526 858 1676 898 regum
1706 846 1751 886 et
1773 844 2024 900 principum

263 921 578 962 catholicorum
611 931 706 959 csse
739 917 1079 959 celebrationem
1114 915 1288 957 concilii
1322 915 1367 956 in
1391 915 1702 957 relevationem
1728 915 2024 970 predictorum
2043 918 2096 959 10

262 989 571 1044 gravaminum,
605 989 852 1030 volutantes
885 987 1117 1041 presertim
1151 987 1204 1028 de
1238 987 1332 1028 loco
1364 988 1408 1027 et
1431 989 1631 1040 tempore
1656 986 1838 1037 ydoneis
1861 986 2023 1040 eligen-

264 1061 343 1112 dis,
376 1061 574 1103 efficaces
598 1061 689 1101 sore
713 1061 755 1100 et
779 1060 1037 1107 fructuosas,
1070 1060 1117 1099 ut
1140 1059 1193 1099 ad
1219 1057 1488 1099 soliditatem
1512 1059 1655 1099 status
1678 1057 1849 1111 pacifici
1873 1059 2025 1100 sancte

263 1131 415 1174 matris
447 1131 642 1180 ecclesie,
676 1144 806 1183 quem
838 1130 883 1171 in
917 1129 999 1170 hiis
1023 1127 1272 1183 specialiter
1295 1128 1535 1182 querimus,
1569 1128 1741 1170 facilius
1765 1129 2025 1171 deveniatur

264 1205 308 1244 et
339 1201 637 1256 promptitudo
670 1201 907 1242 earundem
941 1201 1132 1241 habilius
1166 1201 1463 1241 maturaretur
1493 1200 1548 1241 ad
1577 1199 1788 1252 predicta.
1843 1199 1898 1241 Et
1920 1200 2025 1242 dum

264 1274 317 1314 de
348 1273 620 1327 parlamento
662 1272 714 1314 ad
749 1272 1067 1325 parlamentum
1114 1270 1366 1312 differretur
1405 1270 1695 1326 responsio,1)
1738 1270 2095 1325 superadditum

263 1357 375 1386 novo
418 1342 682 1396 gravamine,
729 1343 1014 1384 considerans
1058 1342 1269 1384 sanctitas
1313 1343 1482 1392 eadem,
1532 1344 1580 1383 ut
1622 1341 1856 1384 conveniat
1901 1341 2025 1384 novis

264 1415 427 1456 morbis
460 1428 571 1456 nova
603 1415 801 1456 antidota
834 1413 1073 1467 preparari,
1105 1413 1256 1458 voluit.
1297 1415 1344 1454 ut
1378 1413 1457 1455 loci
1492 1413 1746 1455 huiusmodi
1779 1412 2025 1467 designatio

262 1497 342 1538 pro
381 1485 643 1526 celebrando
689 1485 879 1537 generali
927 1484 1111 1526 concilio
1157 1485 1210 1525 dc
1252 1486 1403 1525 nostra
1450 1484 1675 1526 voluntate
1719 1486 1763 1526 et
1804 1497 2024 1526 consensu

265 1556 459 1608 eligatur,
493 1554 806 1608 perspicaciter
828 1556 1076 1606 advertens,
1101 1558 1265 1608 quanta
1288 1556 1407 1597 illam
1432 1554 1783 1609 designationem
1805 1555 2026 1597 evidentia

263 1627 535 1667 necessitatis
579 1626 733 1679 exigat,
776 1640 907 1679 quam
947 1626 1050 1668 utile
1086 1629 1128 1667 et
1162 1627 1459 1668 necessarium
1493 1626 1679 1669 concilio
1710 1626 1767 1668 sit
1799 1623 2097 1678 indicto,¹’)20

263 1697 299 1737 si
333 1697 441 1738 ratio
474 1696 669 1750 preteriti
704 1698 958 1738 attendatur
992 1710 1071 1738 nec
1106 1698 1300 1751 patiatur
1333 1698 1569 1751 quisquam
1606 1697 1650 1739 in
1684 1698 1867 1739 dubium
1899 1710 2026 1740 revo-

262 1767 361 1815 cari,
387 1768 493 1820 quin
517 1768 766 1809 huiusmodi
792 1768 953 1820 negotii
978 1771 1181 1822 prompta
1204 1769 1405 1810 celeritas
1428 1769 1744 1810 obmissionem
1767 1769 2026 1822 preteritam

262 1850 413 1879 revera
444 1838 758 1891 compensabit.
822 1840 983 1880 Verum
1016 1839 1121 1892 quia
1153 1839 1384 1881 concilium
1417 1842 1460 1881 et
1488 1839 1847 1893 cooperationem
1879 1840 2026 1881 vestre

262 1907 548 1950 fraternitatis
590 1922 669 1950 nec
709 1923 796 1950 non
837 1923 985 1963 regum
1031 1913 1277 1952 ceterorum
1319 1913 1363 1952 et
1401 1911 1655 1965 principum
1696 1909 2024 1962 catholicorum,

263 1979 423 2032 quibus
462 1979 591 2020 etiam
633 1980 857 2033 dirigimus
900 1980 1065 2035 scripta
1098 1984 1248 2023 nostra
1282 1982 1537 2035 superinde,
1552 1981 1585 2030 2)
1626 1981 1893 2023 arbitramur
1931 1980 2024 2023 fore
2039 1979 2095 2022 25

263 2050 318 2091 ad
349 2050 429 2091 hoc
467 2050 706 2103 plurimum
744 2054 974 2105 oportuna,
1017 2055 1077 2097 ut,
1117 2053 1236 2106 quod
1278 2067 1359 2107 pro
1392 2051 1612 2094 communi
1650 2052 1839 2094 utilitate
1869 2052 2024 2106 agitur,

262 2120 566 2162 communibus
599 2120 727 2163 etiam
760 2122 871 2163 votis
904 2122 1149 2171 adiuvetur,
1184 2124 1451 2177 requirimus
1482 2123 1615 2177 igitur
1646 2126 1840 2166 vestram
1863 2121 2026 2176 regiam

262 2190 582 2233 fraternitatem
614 2195 783 2234 attente
815 2207 894 2247 per
927 2194 1005 2235 hec
1039 2195 1214 2248 scripta,
1249 2194 1458 2248 quatinus
1492 2194 1738 2237 deliberare
1760 2194 1946 2247 placeat,
1978 2193 2026 2235 in

264 2261 424 2314 quibus
463 2263 676 2315 partibus,
719 2265 865 2304 utrum
909 2265 953 2305 in
986 2265 1128 2307 Ytalia
1161 2266 1230 2307 vel
1264 2266 1308 2307 in
1341 2265 1586 2315 Alamania,
1620 2264 1867 2307 huiusmodi
1902 2265 2025 2307 locus

263 2345 342 2385 pro
364 2332 547 2374 concilio
579 2333 841 2376 celebrando
874 2334 1016 2388 aptior
1039 2338 1082 2377 et
1106 2336 1242 2388 magis
1266 2337 1463 2390 ydoneus
1486 2336 1685 2390 eligatur,
1717 2335 1822 2390 quia
1844 2334 2023 2389 dignum
2040 2334 2097 2376 30

263 2415 511 2454 censemus,
556 2405 673 2457 quod
715 2405 894 2446 deberet
932 2420 1028 2447 esse
1072 2407 1193 2449 locus
1234 2407 1482 2449 communis
1520 2409 1564 2450 et
1603 2406 1932 2450 confluentibus
1972 2418 2026 2448 ex

265 2472 446 2514 diversis
486 2474 685 2528 partibus
729 2476 879 2517 mundi
922 2477 978 2518 ad
1015 2478 1268 2520 huiusmodi
1317 2478 1554 2521 concilium
1597 2478 1724 2533 quasi
1771 2476 1942 2532 positus
1978 2475 2025 2519 in

263 2544 423 2594 centr0,
463 2544 519 2585 ad
557 2558 687 2598 quem
726 2548 851 2588 tutus
879 2560 1093 2595 ,accessus
1135 2548 1230 2590 fieri
1267 2551 1431 2602 posset,
1471 2548 1767 2591 multitudinis
1807 2561 1946 2603 capax
1981 2548 2026 2589 et

262 2611 515 2656 victualium
552 2616 678 2668 copia
714 2616 976 2659 habundans
1018 2631 1069 2660 ac
1110 2619 1295 2661 aliarum
1342 2632 1489 2662 rerum
1530 2619 1764 2675 presertim
1802 2617 2025 2661 usualium

379 2811 409 2844 a)
430 2811 496 2838 Der
515 2811 663 2847 solqende
688 2813 774 2841 Theil
800 2815 855 2843 dea
873 2815 982 2847 Sata-ee
1006 2817 1047 2844 iet
1072 2816 1156 2845 wohl
1175 2816 1278 2845 durch
1298 2816 1544 2853 Auelanmtqen
1561 2825 1647 2853 qauz
1666 2816 1933 2846 unvertfflndlich
1957 2816 2025 2844 und
2039 2817 2095 2861 35

263 2854 350 2883 kann
375 2858 458 2885 auch
478 2866 537 2886 aue
556 2859 614 2886 der
632 2859 711 2895 fola.
730 2861 788 2888 Nr.
806 2862 893 2889 nicht
913 2864 1044 2897 emanet
1064 2864 1199 2891 werden.
1249 2864 1283 2898 b)
1303 2864 1364 2892 Die
1382 2863 1476 2893 Stella
1495 2864 1748 2900 ursprenqlidu:
1778 2870 1878 2900 quam
1895 2863 1973 2892 uun
1991 2864 2026 2892 et

263 2904 450 2932 necessario
470 2906 610 2934 coneilio
630 2907 677 2935 sic
696 2907 821 2936 indicta
839 2909 881 2937 iat
899 2917 940 2937 m.
960 2911 996 2937 Ε.
1013 2918 1050 2939 σο
1069 2919 1109 2938 zu
1127 2911 1322 2940 verbenam.

384 2976 411 3019 ¹)
440 2975 555 3010 Ueber
578 2977 633 3012 die
658 2978 863 3026 Bedeutuny
887 2981 1006 3029 dieser}
1031 2980 1142 3016 stelle
1167 2983 1238 3029 vql.
1264 2982 1353 3018 oben
1375 2982 1582 3030 Einleitunq
1608 2983 1648 3019 S.
1675 2981 1747 3019 173
1769 2982 1870 3018 Aram.
1894 2981 1929 3018 1.

383 3045 411 3088 ⁹)
434 3045 513 3080 Nur
536 3047 592 3082 die
616 3049 868 3096 naclgf'olqende
894 3051 961 3086 Nr.
985 3052 1035 3086 iet
1057 3064 1122 3087 um
1147 3053 1260 3088 dauon
1285 3053 1458 3089 erlaalten.
