2216 3432
0 903 17 929 ᾖ,

0 1039 24 1080 3⁴

0 1090 19 1118 t

0 1123 19 1199 {t

0 1203 19 1269 ἓ

0 1290 16 1318 ;.

375 166 419 204 Β.
443 166 510 202 Dio
535 166 598 202 der
620 162 763 201 Pariser
788 166 1007 201 Universitat
1031 167 1257 213 vorgelegten
1283 168 1542 213 Reformplane.
1583 168 1686 205 1411.
1725 169 1786 204 Nr.
1812 170 1869 207 32.
1925 160 2006 202 139

227 275 407 320 nomine
439 273 623 327 domini,
655 272 725 315 sin
757 274 906 316 autem
938 275 1237 330 persequatur
1268 288 1350 329 per
1380 275 1715 318 universitatem
1747 276 1794 318 in
1816 278 2009 331 generali

227 346 429 400 concilio,
462 344 640 389 fundari
672 344 812 387 eciam
843 347 995 399 potest
1027 359 1080 388 ex
1111 346 1208 388 iure
1241 346 1477 389 communi.

346 418 384 474 [ξ
418 416 490 473 21]
551 416 665 459 Item
697 415 967 458 inducantur
1005 416 1237 471 potissime
1270 416 1593 472 archiepiscopi
1627 419 1671 459 et
1703 417 1917 472 episcopi⁷
1961 422 2010 462 ut

226 490 482 533 nullatenus
523 487 699 542 aliquos
736 488 793 530 ad
832 501 981 530 sacros
1017 487 1196 530 ordines
1235 488 1447 543 precipue
1487 490 1544 531 ad
1575 488 1776 531 ordinem
1809 491 2010 533 sacerdo-

183 561 363 605 5talem
400 560 706 615 promoveant,
747 559 834 601 nisi
872 560 987 602 bene
1025 559 1318 613 morigeratos
1366 562 1410 601 et
1449 559 1722 602 sufficienter
1770 562 1921 603 doctos
1969 564 2012 603 et

225 633 470 676 instructos
492 631 539 674 in
560 630 661 683 hiis,
695 644 782 685 que
814 632 918 673 sunt
949 630 1208 673 huiusmodi
1240 631 1459 683 ordinum,
1492 632 1769 674 ostendendo
1801 631 2011 686 pericula,

226 704 389 759 quibus
421 717 469 746 se
502 703 734 757 exponunt
766 703 811 745 et
834 703 1045 745 scandala
1074 715 1124 744 ac
1147 703 1277 755 mala,
1310 714 1457 754 ymmo
1481 705 1526 745 et
1550 702 1811 756 multiplicia
1832 703 2011 746 honoris

226 774 513 819 ecclesiastici
553 788 632 817 seu
671 774 871 817 virorum
910 774 1314 816 ecclesiasticorum
1357 774 1622 816 detrimenta
1664 788 1716 816 ex
1758 775 2011 817 huiusmodi

224 846 511 902 indignorum
532 846 821 900 promocione
844 846 1041 897 suborta,
1074 858 1125 887 ac
1148 845 1289 887 eciam
1310 845 1558 900 periculum
1583 846 1743 897 anime,
1768 846 1834 888 cui
1859 847 2012 888 huius-

157 921 211 963 10
226 919 345 962 modi
379 918 572 972 promoti
597 930 645 959 se
669 918 909 972 exponunt.
961 916 1100 958 Cuius
1122 916 1311 970 periculi
1332 918 1562 971 promotor
1585 917 1754 959 scilicet
1776 918 2012 973 episcopus

223 989 470 1045 principale
510 991 579 1031 est
617 988 901 1044 principium.
918 989 954 1043 1)
1016 988 1072 1030 Et
1110 988 1182 1030 hic
1219 987 1434 1030 articulus
1477 1002 1556 1042 per
1595 988 1934 1031 universitatem
1967 989 2012 1031 in

223 1061 410 1104 concilio
443 1060 642 1116 proximo
674 1060 1039 1114 proponendusa)
1074 1059 1309 1115 practicari
1342 1061 1493 1102 tamen
1524 1062 1677 1114 posset
1699 1059 1794 1101 sine
1817 1062 2011 1113 generali

223 1133 425 1182 concilio,
458 1145 539 1187 per
571 1131 761 1174 concilia
792 1131 1083 1185 provincialia
1115 1132 1159 1173 et
1191 1131 1434 1185 synodalia,
1477 1132 1554 1185 qui
1588 1131 1802 1174 articulus
1835 1132 2010 1174 fundari

223 1206 378 1258 posset
409 1204 457 1246 in
489 1203 588 1255 hiis,
622 1218 709 1258 que
742 1205 863 1245 tacta
895 1205 1010 1245 sunt.

156 1278 207 1320 15
343 1275 381 1331 [ξ
414 1276 486 1331 22]
550 1276 662 1317 Item
706 1277 755 1317 ut
796 1274 1047 1317 huiusmodi
1098 1274 1259 1329 prelati
1307 1276 1587 1328 promotores
1637 1287 1791 1316 secure
1831 1288 1919 1328 quo
1958 1276 2014 1317 ad

222 1346 418 1390 officium
451 1359 579 1388 suum
613 1346 718 1388 viris
750 1347 903 1400 probis
937 1348 981 1387 et
1015 1345 1214 1388 nonestis
1247 1345 1522 1387 sufficienter
1555 1346 1696 1388 doctis
1720 1347 1764 1387 et
1785 1346 2014 1388 instructis

222 1427 268 1469 jn
300 1419 402 1470 hiis,
436 1431 523 1472 que
557 1418 663 1460 sunt
697 1417 813 1460 circa
844 1417 1099 1460 huiusmodi
1126 1417 1319 1460 officium
1343 1419 1386 1459 et
1408 1417 1611 1459 ordinum
1635 1418 2014 1460 examinacionem

222 1489 487 1541 necessaria,
531 1489 615 1531 sub
664 1489 798 1531 certis
843 1490 887 1530 et
928 1489 1098 1542 magnis
1140 1488 1269 1543 penis
1317 1489 1623 1530 examinandis
1672 1489 2015 1546 committant.2)

223 1561 314 1603 Iste
353 1560 570 1603 articulus
611 1562 678 1602 est
711 1561 850 1602 eciam
885 1561 1072 1601 concilio
1108 1560 1295 1601 Francie
1328 1559 1528 1601 Parisius
1566 1573 1646 1614 per
1678 1561 2013 1603 universitatem

152 1636 210 1677 20
222 1632 543 1686 proponendus
575 1634 620 1673 et
653 1631 842 1685 quilibet
874 1644 955 1685 per
987 1645 1035 1672 se
1071 1632 1221 1684 potest
1252 1631 1371 1672 hunc
1395 1630 1624 1672 articulum
1650 1632 1910 1684 practicare.
1959 1632 2014 1673 Et

222 1704 404 1745 tenetur
435 1717 487 1745 ex
518 1702 678 1755 officio,
713 1716 814 1744 cum
848 1702 1038 1757 quilibet
1074 1704 1127 1744 de
1151 1701 1247 1754 hiis,
1281 1716 1368 1756 que
1391 1702 1459 1743 sui
1482 1704 1586 1744 sunt
1608 1701 1757 1755 officii,
1792 1702 2011 1744 racionem

221 1775 407 1816 reddere
435 1775 616 1817 tenetur
648 1773 693 1816 in
726 1774 797 1816 die
827 1774 992 1816 iudicii.
1037 1774 1234 1816 Fundari
1264 1773 1399 1815 eciam
1429 1776 1573 1828 potest
1597 1788 1649 1815 ex
1674 1773 1851 1816 racione
1876 1774 2013 1816 hone-

223 1845 351 1889 statis
374 1847 417 1888 et
440 1845 747 1900 congmencie,
780 1847 930 1900 potest
953 1846 1091 1887 eciam
1115 1859 1195 1900 per
1218 1845 1403 1887 concilia
1426 1844 1716 1899 provincialia
1737 1846 2011 1899 pertractari.

343 1917 382 1973 [ξ
416 1918 487 1973 23]
551 1918 663 1960 Item
704 1917 750 1960 in
795 1918 912 1960 dicto
956 1917 1142 1960 concilio
1183 1917 1377 1971 generali
1418 1919 1694 1971 proponatur
1736 1917 1778 1958 et
1816 1916 2012 1971 episcopi

154 1991 209 2034 25
223 1987 550 2044 inducantuffl)
573 1990 666 2031 suis
689 1988 977 2031 inferioribus
1000 1989 1167 2030 cni-atis
1193 1989 1454 2042 ampliorem
1478 1989 1721 2030 concedere
1743 1990 2012 2042 potestatem

223 2053 270 2103 in
302 2060 480 2103 casibus
513 2061 790 2103 consciencie
823 2060 909 2102 sibi
943 2060 1178 2103 reservatis
1212 2060 1440 2115 potissime
1473 2074 1562 2114 quo
1594 2060 1650 2102 ad
1683 2073 1835 2101 sexum
1858 2059 2014 2101 mulie-

223 2133 363 2175 brem.
427 2133 484 2174 Et
516 2133 811 2175 ostendantur
843 2132 1225 2183 inconveniencia,
1271 2145 1358 2186 que
1401 2133 1614 2173 secuntur
1654 2131 1722 2173 vel
1754 2131 1878 2184 sequi
1913 2145 2014 2184 pos-

225 2204 332 2245 sunt
373 2217 426 2246 ex
467 2203 724 2246 huiusmodi
765 2218 853 2258 quo
892 2204 947 2246 ad
988 2204 1069 2245 hoe
1111 2203 1403 2244 restrictione.
1479 2203 1532 2244 Et
1574 2202 1810 2244 verisimile
1853 2205 1917 2244 est
1961 2216 2013 2243 ex

224 2275 482 2317 huiusmodi
513 2275 751 2317 occasione.
778 2288 931 2317 sexum
965 2275 1231 2316 muliebrem
1271 2275 1327 2317 ad
1362 2274 1665 2316 mendicantes
1698 2287 1794 2316 esse
1827 2274 2014 2315 inclina-

157 2455 215 2498 30
343 2452 374 2487 a)
399 2453 439 2480 Es
458 2452 544 2488 folqt
562 2453 754 2487 ilbertlvzssiy
772 2452 922 2487 generali
943 2452 1096 2479 concilio.
1135 2452 1166 2485 b)
1189 2453 1232 2478 Es
1251 2451 1336 2486 folyt
1356 2452 1546 2485 iibersiilssiy
1569 2452 1604 2478 nt
1626 2452 1660 2477 Β.

349 2513 375 2557 ²)
403 2511 540 2547 Soweit
568 2512 901 2547 abereinstimmeml
928 2513 992 2546 mit
1020 2512 1111 2559 Καρ.
1139 2512 1185 2546 10
1215 2512 1281 2546 (lar
1307 2512 1391 2556 Cap.
1418 2512 1544 2556 agend.
1593 2510 1735 2544 Ehenso
1764 2510 1828 2544 der
1843 2511 2012 2555 folymulc

241 2570 427 2618 Vorselzlay
457 2572 548 2606 iiber
577 2572 633 2607 die
668 2572 910 2618 Ausfz'lhruny.
968 2572 1042 2618 Vyl.
1076 2572 1143 2606 Nr.
1169 2571 1215 2606 35
1250 2573 1271 2615 §
1303 2570 1360 2604 20.
1412 2571 1523 2604 Nicht
1559 2570 1718 2603 erwalmt
1752 2570 1801 2603 ist
1836 2569 1912 2603 hier
1949 2569 2012 2603 das

227 2631 337 2665 nichil
368 2632 552 2668 habentes.
620 2631 686 2677 Vsql.
722 2632 847 2667 liierzu
883 2632 951 2666 den
989 2631 1183 2677 Vorschlay
1223 2631 1382 2665 Gan-sons
1420 2632 1456 2675 (l.
1491 2643 1520 2665 c.
1552 2630 1653 2674 556).-
1691 2630 1770 2663 Fiat
1801 2629 2012 2663 examinatio

229 2690 434 2736 diligentior
469 2691 674 2725 clericorum
702 2691 745 2725 ad
772 2683 901 2726 sacros*
919 2692 1060 2726 ordines
1088 2702 1125 2725 sc
1150 2691 1382 2732 offerentium,
1414 2691 1597 2735 presertim
1625 2690 1661 2722 in
1688 2689 1759 2722 vita
1786 2691 1819 2722 et
1845 2688 2012 2728 moribus,

159 2754 239 2797 35.
271 2776 280 2785 .
314 2777 322 2785 .
359 2751 395 2784 et
424 2752 465 2784 ut
497 2750 659 2784 Latinam
697 2751 856 2796 linguam
888 2753 1128 2796 competenter
1158 2750 1374 2794 intelligant.
1424 2749 1596 2782 Einzelne
1639 2747 1844 2781 llusdriiclce
1883 2746 2013 2780 kelircn

230 2808 391 2843 wh‘rtliclz
421 2809 554 2843 wieder
585 2809 621 2843 in
656 2809 765 2844 Peter
795 2821 865 2844 von
894 2809 1002 2845 Aille's
1039 2810 1200 2844 Canones
1236 2809 1494 2843 reformationis
1534 2807 1590 2841 bei
1618 2819 1650 2841 v.
1676 2807 1708 2849 (l.
1736 2806 1864 2848 Har-(It,
1908 2805 2011 2839 Cone.

233 2866 501 2903 Constantiense
526 2867 557 2912 I,
582 2867 664 2903 428.

352 2939 380 2984 ⁹)
406 2939 487 2975 Der
513 2939 614 2983 Sam,
646 2941 710 2991 der
734 2941 799 2975 mit
820 2940 911 2987 Καρ.
940 2940 986 2975 10
1009 2941 1075 2976 der
1101 2940 1186 2985 Cap.
1213 2940 1338 2985 agend.
1368 2938 1653 2979 abereinsciimnt,
1686 2937 1735 2970 ist
1762 2936 1798 2969 in
1824 2935 1916 2969 allen
1943 2934 2011 2968 Re-

232 2998 422 3034 censionen
458 2999 701 3046 schwerfiilliy
736 2999 959 3052 iiberliejert.
1015 3000 1084 3035 Bez'
1112 2999 1146 3033 B
1165 2999 1265 3045 fehlt
1293 2997 1548 3038 examinandis,
1588 2996 1747 3042 dayeyen
1777 2994 1870 3028 steht
1897 2994 2011 3033 Μηίον-

159 3068 354 3120 408ecure
378 3058 469 3094 noch
493 3059 646 3111 possint,
