2216 3432
395 152 438 191 1),
481 153 698 200 sigismund‚
724 157 947 205 Frankreich,
972 164 1132 211 England
1157 170 1229 204 und
1254 171 1314 207 das
1339 175 1474 213 Konzil.
1519 179 1576 215 Νι.
1606 181 1680 225 105,
1708 185 1781 222 106.
1877 177 1954 222 381

221 258 337 303 ditos
368 261 426 303 ad
456 263 640 317 propria
670 266 928 323 remisimus,
961 285 1059 315 cum
1090 277 1248 328 quibus
1280 281 1324 321 et
1355 282 1407 323 de
1428 288 1649 336 parentela
1671 294 1960 338 contrahenda

220 331 266 373 et
303 331 437 374 etiam
469 333 524 376 de
555 335 708 378 multis
741 338 835 380 aliis
868 345 1140 386 commodum
1171 349 1213 389 et
1244 350 1451 394 honorem
1482 359 1598 409 regni
1631 363 1758 403 vestri
1791 377 1960 408 concer-

218 403 458 458 nentibus‚.
485 405 549 447 ita
589 408 707 460 quod
740 408 961 454 Johannes
1001 418 1248 460 nominatus
1294 422 1380 463 dux
1417 424 1662 479 Burgundio
1700 432 1741 471 in
1781 433 1874 487 hiis,
1906 438 1960 477 ad

219 475 546 530 que-molitur,
590 478 769 521 minime
810 482 988 525 habebit
1029 486 1258 543 intentum,
1297 492 1551 538 deduximus
1590 499 1704 541 bona
1743 506 1940 555 puncta‚¹

177 542 425 600 5idemque
470 561 547 589 rex
583 548 743 603 Anglie
785 553 841 593 ad
887 556 1130 606 predictum
1175 561 1408 604 terminum
1456 567 1623 609 concilii
1677 572 1731 612 ad
1773 576 1961 616 nostram

1 678 4 682 .
217 617 490 671 presentiam
548 633 654 661 suos
714 622 978 678 sollempnes
1037 627 1270 672 destinabit
1327 634 1636 679 ambasiatores
1695 642 1748 682 ad
1799 643 1975 697 singula·

0 696 15 740 *a
218 687 494 732 sufficienter
515 693 769 745 peragenda
791 694 1007 738 fundatos.
1070 698 1274 754 Ideoque,
1308 706 1580 748 serenissime
1602 710 1814 763 princeps,
1838 713 1963 755 frater

0 750 7 770 ''
216 761 369 801 noster
391 761 630 813 carissime,
653 764 828 817 placeat
852 768 894 807 et
915 768 1039 810 vobis
1062 771 1216 812 saltem
1239 786 1289 813 ex
1311 775 1515 827 predictis
1532 779 1796 833 principibus
1815 785 1963 835 regali-

215 830 300 872 bus
322 831 473 875 inclite
507 834 663 876 domus
695 838 839 878 vestre
871 838 1050 881 Francie
1084 855 1169 883 una
1201 856 1297 885 curn
1329 845 1574 888 doctoribus
1607 850 1659 890 dc
1688 852 1963 896 universitate

147 900 201 942 10
217 901 387 944 Parisia
418 904 474 945 ad
507 904 675 947 dictum
717 908 960 962 concilium,
1005 924 1102 953 cum
1140 914 1298 965 quibus
1330 916 1535 958 uberibus
1567 920 1780 972 profunda
1811 925 1962 965 mentis

214 973 367 1015 nostre
414 975 639 1028 possimus
687 980 883 1021 securius
925 983 1264 1036 communicare,
1302 987 1430 1039 plene
1468 988 1699 1032 instructos
1739 993 1960 1036 destinare.

214 1043 286 1087 Ad
332 1045 414 1087 hec
457 1046 641 1089 illustris
684 1050 890 1105 princeps
937 1052 1186 1096 Ludovicus
1233 1057 1319 1098 dux
1369 1057 1572 1112 Bauarie,
1626 1065 1962 1117 consanguineus

213 1117 365 1159 noster
403 1118 670 1174 carissimus,
704 1121 817 1164 circa
847 1124 1076 1166 materiam
1106 1129 1353 1179 presentem
1385 1129 1625 1172 distinctius
1657 1134 1699 1173 et
1719 1133 1963 1186 plenissime

213 1186 476 1231 informatus
511 1190 621 1232 vivis
660 1193 873 1235 relatibus
916 1195 1115 1237 recitabit
1156 1198 1291 1239 nostri
1324 1199 1454 1240 animi
1485 1214 1638 1253 puram
1670 1203 1962 1257 intentionem,

145 1255 199 1298 15
214 1258 337 1300 cuius
369 1260 479 1302 vivis
510 1262 725 1305 relatibus
757 1267 882 1318 parte
915 1267 1052 1308 nostri
1082 1268 1307 1321 tamquam
1338 1271 1494 1312 nostris
1526 1273 1709 1325 propriis
1742 1274 1842 1316 dare
1864 1277 1962 1316 velit

214 1331 474 1373 excellentia
519 1334 667 1376 vestra
703 1335 786 1377 hac
826 1337 919 1378 vice
959 1337 1006 1379 in
1044 1338 1267 1391 premissis
1306 1341 1420 1382 bone
1463 1341 1563 1383 fidei
1607 1344 1961 1400 credulitate111.2)

212 1401 375 1443 Datum
410 1403 490 1445 etc.

210 1576 316 1622 106.
362 1578 502 1635 Ko'niy
536 1579 783 1636 Siqismund
813 1598 867 1624 an
899 1583 1050 1639 (Ko'my
1083 1585 1190 1626 Karl
1228 1584 1293 1628 VI.
1327 1601 1400 1626 von
1429 1585 1723 1643 FrankreicleJ:
1753 1589 1959 1646 Empfany

210 1649 342 1690 seines
377 1648 638 1704 Schreibem,
680 1655 812 1694 wo‘rin
847 1669 890 1694 er
928 1654 1000 1695 istm
1036 1670 1086 1695 zu
1116 1657 1220 1696 einer
1256 1656 1621 1710 Zusammenkuns't
1648 1662 1690 1699 in
1722 1659 1837 1715 L‘yon
1867 1662 1960 1702 oder

138 1716 198 1759 20
211 1717 401 1775 Aviynon
436 1723 514 1762 mit
552 1722 720 1764 Johann
758 1723 930 1767 XXIII.
980 1733 1079 1766 statt
1114 1728 1158 1766 in
1206 1724 1366 1767 Verdun
1402 1728 1594 1776 ei7zla<let5
1646 1728 1959 1784 Unmiiylz'clzkee't

207 1806 346 1847 weqen
376 1795 511 1835 Seineo·
541 1793 744 1850 Kriinuny
786 1796 859 1837 der
888 1795 1129 1851 Einladunq
1164 1796 1522 1846 nachzukommem
1562 1798 1810 1854 Absemlunfs
1838 1815 1958 1841 neuer

625 1864 872 1908 Gesandten.
936 1866 1065 1921 (1414
1098 1867 1273 1922 Anfanq
1307 1866 1563 1923 September.)

279 1957 311 1991 B
337 1969 400 1992 aas
432 1957 515 1993 Coei.
541 1958 726 1994 Palatinus
755 1959 820 1994 701
838 1961 908 2005 fol.
935 1960 1005 1994 316
1018 1974 1047 1994 υ.
1075 1961 1138 1994 der
1169 1961 1276 1995 Vatils.
1305 1961 1509 1996 Bibliothek.

327 2054 625 2096 Serenissimo
677 2055 866 2108 principi
916 2057 994 2097 etc.
1069 2055 1372 2109 Sigismundus
1421 2058 1497 2097 etc.
1542 2057 1723 2097 salutem
1773 2058 1813 2098 et
1858 2070 1954 2098 cum

134 2118 392 2178 25tr0phe0
431 2125 583 2167 hostes
627 2139 837 2180 superare
880 2128 922 2168 et
964 2128 1063 2180 post
1105 2128 1354 2179 presentem
1394 2127 1621 2167 decursum
1653 2127 1707 2167 ad
1737 2140 1847 2175 eum,
1880 2126 1952 2178 qui

327 2278 354 2321 ¹)
385 2277 459 2323 Vyl.
485 2279 609 2323 voriye
636 2278 704 2312 Nr.

326 2336 353 2378 ²)
377 2335 421 2370 In
444 2336 509 2370 der
534 2336 631 2372 Liste
657 2338 721 2371 der
747 2338 814 2382 auf
834 2338 909 2371 dem
934 2336 1132 2371 Kohlenzer
1164 2337 1255 2382 Taya
1282 2336 1506 2370 anwesenden
1530 2335 1817 2369 Farscliehkeiten
1843 2335 1955 2378 findet

202 2394 279 2429 sich
305 2395 369 2429 der
394 2395 507 2430 Name
533 2396 594 2431 des
620 2395 784 2442 Herzoys
811 2396 955 2442 Ludwig]
980 2396 1085 2431 nicht.
1136 2396 1238 2429 Doclt
1267 2395 1469 2429 verkindert
1499 2395 1562 2428 das
1593 2394 1687 2428 nieht
1713 2393 1951 2433 anzunelnnen,

201 2452 285 2487 dass
312 2465 353 2487 er
377 2466 433 2488 um
449 2455 546 2489 diese
564 2455 651 2489 Zeit
675 2455 731 2490 bei
749 2455 953 2501 Siqismund
974 2467 1134 2501 yewesen
1159 2456 1215 2489 ist.
1265 2454 1318 2487 Er
1343 2454 1433 2487 kann
1449 2453 1493 2499 ja
1518 2453 1604 2487 leura
1630 2452 1781 2486 naclalaer
1805 2452 1864 2484 mit
1888 2450 1949 2515 ilun

131 2508 188 2550 30
200 2523 401 2547 zusammen
429 2513 607 2559 yetroffen
638 2515 723 2548 sein.
776 2514 981 2560 Siyismand
1011 2514 1078 2559 gyab
1113 2514 1181 2547 ihm
1202 2513 1388 2558 solyeudes
1419 2509 1950 2575 Empfelalunyssclzreibentnnc:

201 2572 317 2617 Super
348 2572 559 2616 quibusdam
592 2574 756 2618 negotiis,
789 2584 856 2618 que
889 2575 978 2608 votis
1011 2574 1214 2607 comunibus
1247 2572 1481 2611 blandiuntur,
1516 2570 1696 2604 summarie
1722 2572 1754 2602 et
1780 2570 1947 2632 succincte

201 2632 427 2666 serenissimo
455 2631 608 2676 principi
628 2631 753 2665 Carolo
781 2632 844 2666 Dei
869 2633 983 2677 gratia
1009 2633 1080 2676 regi
1098 2632 1318 2671 Francorum,
1344 2630 1441 2664 fratri
1466 2634 1583 2662 nostro
1609 2628 1796 2666 carissimo,
1822 2628 1947 2689 scripta

200 2693 323 2725 nostra
354 2690 469 2725 denuo
504 2691 688 2735 dirigimus
721 2693 756 2724 et
787 2701 894 2735 super
928 2691 1057 2725 eisdem
1090 2690 1236 2724 illustris
1268 2689 1428 2733 princeps
1462 2687 1661 2721 Ludowicus
1691 2685 1758 2749 dux
1792 2683 1946 2747 Bauane,

200 2750 486 2795 consanguineus
503 2752 625 2783 noster
642 2749 857 2791 carissimus,
875 2749 1040 2783 distincte
1058 2752 1092 2783 et
1109 2748 1308 2793 plenissime
1326 2746 1528 2780 informatus
1547 2745 1653 2778 eidem
1673 2753 1743 2786 regi
1762 2740 1944 2803 exellencie

129 2803 186 2845 35
200 2812 306 2853 atque
337 2809 436 2843 vobis
468 2809 583 2843 nostri
619 2808 728 2842 animi
761 2819 884 2852 puram
916 2809 1142 2842 intentionem
1179 2807 1414 2848 sinceramque
1445 2799 1749 2845 affeefionemffet]
1782 2800 1945 2842 prompti-

199 2868 357 2902 tudinem
388 2868 466 2902 vive
504 2867 598 2902 vocis
631 2867 771 2901 oraculo
803 2867 943 2911 plenius
979 2867 1156 2900 reserabit.
1216 2862 1297 2898 Cod.
1332 2861 1508 2896 Palatinus
1541 2858 1605 2893 701
1631 2858 1699 2902 sol.
1731 2854 1810 2891 307.
1862 2853 1940 2919 ‘Das

0 2933 4 2951 ἰ
201 2925 400 2961 schreiben
429 2926 523 2960 wir-d
549 2925 747 2961 ilbersandt
778 2925 1017 2960 illustrissimo
1049 2924 1198 2969 principi
1236 2921 1415 2969 Ludowico
1452 2919 1542 2962 regis
1576 2917 1780 2981 Francorum
1819 2921 1941 2956 primo-

0 2999 5 3030 ι
198 2986 319 3030 genito
346 2986 428 3020 duci
453 2985 644 3030 Aquitania
670 2987 705 3019 et
730 2984 897 3029 delphino
923 2983 1151 3028 Wyennensi,
1178 2979 1433 3023 consanguineo
1458 2978 1575 3010 nostro
1601 2982 1786 3012 carissimo,
1812 2970 1940 3035 ferner

0 3031 26 3095 i*
198 3044 275 3079 dem
299 3044 468 3079 Aduardo
502 3044 584 3078 duci
609 3043 787 3082 Barrensi,
821 3042 1012 3076 marchioni
1036 3040 1157 3074 Pontis
1190 3041 1224 3072 et
1247 3037 1384 3071 domino
1410 3035 1451 3068 de
1476 3032 1660 3072 Casseleto,
1685 3035 1938 3072 consanguineo
