2216 3432
462 181 503 216 D.
546 181 762 228 Sigismund‚
790 185 1012 233 Frankreich‚
1039 192 1197 239 England
1223 198 1294 232 und
1320 199 1380 234 das
1405 201 1540 240 Konzil.
1582 205 1641 240 Nr.
1671 208 1745 244 107.
1896 202 1976 246 385

238 286 295 329 sit
335 301 407 330 res
445 288 581 342 plena
618 292 820 345 periculis
854 300 1082 341 concordia
1122 302 1182 344 sic
1219 304 1324 347 inita
1356 321 1452 349 cum
1484 312 1648 365 eodem,
1681 315 1767 368 qui,
1799 317 1894 360 licet
1926 322 1978 362 ad

236 359 416 413 tempus
472 361 663 404 occultet
713 365 1005 411 malivolentie
1053 385 1129 413 sue
1175 377 1430 419 necessitate
1477 385 1651 435 cogente
1697 390 1978 442 propositum,

237 429 348 473 illud
385 432 537 474 tamen
569 436 745 489 captata
777 440 1070 491 oportunitate
1102 445 1241 486 acrius
1275 449 1493 501 revelabit,
1533 454 1574 493 et
1612 455 1718 496 forte
1756 458 1809 498 ad
1838 459 1979 512 finem,

236 503 342 556 quia
382 504 540 546 videns
554 508 587 557 a)
636 507 814 549 brachia
859 512 1002 552 vestra
1046 516 1197 556 contra
1238 516 1379 571 ipsum
1418 520 1677 565 invalescere
1710 528 1902 570 submisit
1936 545 1980 571 se

136 632 139 635 Ι
194 573 483 629 5concordie,
540 578 590 618 ut
632 577 814 621 liberius
867 583 1213 627 machinamenta
1257 592 1465 643 concepta
1506 593 1548 633 in
1591 595 1695 635 alios
1739 602 1982 640 convertere

233 645 413 689 valeret.
480 647 592 689 Ecce
646 650 807 692 etenim
861 656 1100 696 communis
1154 657 1266 699 fama
1320 661 1557 717 predieath)
1608 665 1748 718 ipsum
1792 671 1983 710 conflatis

235 717 462 760 nonnullis
508 732 587 761 sue
633 723 932 774 perversitatis
981 727 1238 779 sequacibus
1284 731 1325 770 et
1377 733 1654 785 complicibus
1700 739 1983 780 venerabilem

234 788 564 832 Theodoricum
618 792 672 833 de
724 793 891 836 Morsse
943 796 1128 838 electum
1180 799 1480 844 confirmatum
1527 804 1840 859 Coloniensem,
1879 811 1984 850 sacri

234 859 407 915 imperii
454 862 700 917 principem
749 864 994 919 electorem,
1044 871 1249 923 nepotem
1298 874 1492 914 nostrum
1540 875 1740 918 dilectum
1787 891 1863 919 nec
1900 893 1984 920 non

165 930 453 974 10illustrem
501 933 810 976 Reinhardum
864 938 1018 980 ducem
1058 939 1212 993 Gelrie,
1264 942 1500 996 principem
1549 947 1743 988 nostrum
1791 951 1830 988 et
1876 951 1984 990 sacri

231 1002 405 1058 imperii
439 1003 616 1046 fidelem
643 1006 862 1060 dilectum,
896 1009 1110 1051 hostiliter
1131 1011 1334 1054 invadere
1357 1027 1435 1055 nec
1457 1029 1543 1056 non
1567 1017 1776 1059 civitatem
1800 1021 1987 1061 nostram

232 1074 514 1130 imperialem
553 1076 821 1132 Aquisgrani
868 1081 1072 1123 obsidere
1115 1083 1349 1139 molitur.¹)
1418 1085 1534 1127 Haut
1577 1088 1848 1141 ambigimus,
1886 1091 1988 1143 quin

231 1145 351 1200 ipse,
402 1147 479 1200 qui
526 1148 718 1201 quesivit
768 1154 919 1193 contra
960 1166 1037 1194 vos
1084 1156 1127 1195 et
1164 1156 1330 1196 ceteros
1374 1157 1536 1209 regales
1576 1158 1790 1213 principes
1826 1162 1988 1201 vestros

231 1217 350 1259 uniri
388 1218 691 1276 nobiscum2),
725 1222 844 1263 unde
888 1224 1016 1266 etiam
1050 1225 1176 1266 nobis
1216 1228 1441 1268 commoda
1471 1241 1624 1281 magna
1662 1231 1702 1270 et.
1740 1231 1990 1284 compendia

164 1290 215 1331 15
231 1301 385 1330 revera
426 1290 740 1346 resultassent,
780 1294 1088 1337 nichilominus
1121 1297 1351 1338 maluimus
1373 1299 1514 1339 vestre
1543 1299 1817 1340 fraternitatis
1850 1301 1991 1342 amici-

229 1360 338 1401 tiam
372 1362 415 1402 et
456 1361 676 1404 unionem
709 1365 986 1417 preferendo,
1024 1368 1134 1409 sicut
1166 1369 1321 1421 decuit,
1359 1382 1611 1411 conservare
1644 1370 1819 1423 illesam,
1863 1371 1989 1412 etiam

231 1431 288 1472 ad
336 1433 486 1474 nostre
546 1435 788 1477 maiestatis
836 1437 1047 1479 iacturam
1094 1439 1319 1480 occasione
1366 1440 1547 1482 amicitie
1593 1443 1731 1482 vestre
1777 1443 1828 1483 de
1879 1457 1988 1484 novo

231 1504 469 1556 contracte,
506 1505 555 1546 in
590 1509 807 1560 quantum
837 1509 1010 1563 poterit,
1043 1511 1285 1564 perniciose
1314 1511 1675 1566 debaelietmnssyy
1737 1513 1825 1553 Nos
1848 1516 1988 1554 autern

231 1587 315 1615 sua
354 1576 712 1620 machinamenta
755 1593 845 1621 non
883 1581 1069 1622 multum
1111 1582 1385 1623 advertimus.
1448 1582 1638 1635 Experiri
1678 1583 1788 1624 enim
1819 1584 1986 1636 poterit,

158 1646 216 1688 20
230 1646 338 1700 quid
394 1647 478 1689 sibi
536 1650 713 1703 prosint
770 1664 849 1694 sua
904 1652 1264 1694 machinamenta.
1343 1654 1645 1694 Verumtamen
1698 1654 1988 1695 admirationis

230 1730 411 1760 causam
445 1718 620 1774 ingerit,
657 1722 780 1775 quod
815 1722 924 1776 ipse,
959 1736 1054 1765 cum
1090 1723 1144 1764 sit
1175 1725 1316 1765 vester
1353 1723 1549 1764 subditus
1582 1725 1622 1764 et
1642 1723 1840 1776 vasallus,
1873 1723 1988 1779 card)

230 1792 334 1844 post
371 1790 528 1832 initam
572 1792 855 1835 concordiam
893 1794 937 1834 in
977 1793 1185 1836 iacturam
1225 1796 1430 1846 nostram,
1464 1794 1536 1847 qui
1567 1794 1610 1834 in
1642 1794 1803 1834 unitate
1833 1794 1985 1835 sederis

229 1861 358 1904 simul
403 1863 625 1904 coniuncti
664 1864 891 1905 vobiscum
930 1864 1021 1905 fore
1060 1865 1344 1917 dinoscimur,
1394 1878 1505 1906 nova
1542 1865 1726 1917 quadam
1764 1866 1980 1919 conspira-

227 1934 351 1976 tione
406 1947 644 1988 perperam
698 1936 963 1989 attemptare
997 1938 1190 1978 conatur.

157 2002 212 2043 25
348 2006 469 2047 Inter
501 2006 583 2047 hec
610 2007 802 2048 vestram
826 2007 994 2060 regiam
1018 2007 1330 2048 fraternitatem
1363 2006 1557 2060 cupimus
1580 2019 1664 2047 non
1691 2005 1834 2055 latere,
1858 2006 1985 2057 quod,

228 2076 330 2118 licet
361 2077 575 2118 hactenus
609 2077 979 2131 contemplatione
1012 2077 1275 2119 serenissimi
1307 2076 1515 2130 principis
1541 2076 1702 2116 domini
1726 2075 1979 2116 Wentzeslai

230 2147 345 2202 regis
379 2148 607 2199 Bohemie,
642 2148 790 2190 fratris
825 2149 965 2189 nostri
998 2148 1302 2202 precarissimi,
1335 2147 1472 2201 prime
1507 2146 1793 2188 coronationis
1817 2145 1986 2198 imperi-

228 2219 307 2260 alis
352 2219 490 2273 apicis
530 2219 718 2273 insignia
756 2221 984 2273 acceptare
1016 2219 1282 2271 rennuilnus,
1315 2218 1390 2259 sed
1422 2218 1505 2258 iam
1538 2217 1811 2257 fraternitatis
1844 2215 1985 2255 dulce-

228 2289 332 2332 dine
384 2291 572 2332 invicem
623 2291 936 2346 prevenientes
990 2292 1032 2332 et
1078 2291 1121 2331 in
1169 2289 1446 2342 susceptione
1494 2288 1604 2328 dicte
1651 2299 1806 2327 corone
1852 2286 1892 2325 et
1942 2284 1983 2324 in

157 2357 435 2403 300mnibus
487 2375 634 2404 rerum
680 2362 972 2416 gerendarum
1020 2360 1339 2402 conditionibus
1383 2359 1513 2399 etiam
1551 2358 1594 2398 in
1633 2356 1811 2397 coneilio
1849 2354 1981 2395 (ledu-

350 2514 380 2548 a)
400 2515 441 2543 So
462 2516 543 2542 «παῦε
562 2515 654 2542 videt
675 2516 754 2542 oder
774 2514 852 2549 quia
878 2521 965 2541 muas
984 2513 1097 2547 fehlen.
1171 2511 1201 2545 b)
1222 2510 1370 2544 divulgat
1390 2510 1427 2536 B‘
1446 2509 1511 2535 und
1531 2509 1590 2535 B“.
1628 2508 1695 2533 Dae
1713 2506 1857 2539 folyende
1877 2505 1979 2538 ipsum

226 2563 269 2591 int
293 2563 452 2590 entweder
480 2570 521 2589 zu
541 2563 700 2590 atreichen
729 2563 809 2589 oder
834 2561 943 2589 moliri
970 2568 1008 2587 zu
1027 2562 1135 2587 sewen.
1209 2559 1236 2592 c)
1258 2558 1327 2584 Allo
1352 2557 1422 2583 ‹Irei
1447 2557 1623 2589 Faeeunyen
1652 2553 1751 2580 haben
1778 2551 1983 2579 debachatur.

226 2610 258 2644 d)
282 2610 505 2644 Ueberflilceiy,
527 2609 608 2637 aber
627 2610 663 2636 in
684 2609 772 2636 allen
792 2609 864 2636 drei
884 2610 1073 2642 Fassunqen.

349 2671 375 2714 ¹)
403 2669 452 2703 Es
484 2669 628 2703 leandelt
657 2669 733 2703 siclt
765 2679 821 2702 um
847 2669 922 2702 eine
950 2666 1127 2701 Koczlition
1160 2666 1219 2699 des
1246 2662 1441 2696 kinnim-hen
1476 2659 1798 2706 Geyeulcamliclatcn
1836 2656 1976 2689 ll‘illwlm

156 2727 212 2769 35
226 2741 295 2764 von
321 2729 430 2772 Berq,
456 2728 572 2763 seines
600 2728 773 2771 Bruders,
809 2728 871 2762 des
906 2726 1132 2771 Buryumlers
1170 2724 1238 2757 und
1259 2723 1382 2755 dassen
1408 2720 1563 2754 Brmlers
1600 2718 1712 2751 Aaron
1740 2729 1801 2750 von
1828 2714 1983 2748 Brabant

224 2801 340 2838 yeyen
370 2766 425 2823 cli‘e
457 2788 537 2822 drei
574 2787 790 2822 Genannten.
864 2786 927 2831 Vyl.
961 2786 1014 2819 die
1051 2783 1281 2826 Schilderuny
1315 2777 1621 2823 Rcz'elzstaysalctcn
1663 2775 1726 2809 1511
1754 2774 1791 2807 S.
1817 2772 1884 2807 229
1916 2770 1983 2805 und

225 2849 363 2885 vorlzer
390 2847 479 2882 kurz
503 2845 585 2882 224.
641 2846 810 2892 Unyenau
837 2845 978 2880 Lemma·
995 2856 1033 2890 p.
1062 2842 1128 2876 157
1156 2854 1185 2875 u.
1216 2841 1309 2873 Aum.
1930 2888 1935 2894 ⁸

351 2908 377 2952 ²)
402 2906 583 2941 Hieric‘ber
608 2906 658 2940 ist
681 2905 793 2940 m'ehts
821 2904 980 2939 bekannt.
1036 2900 1234 2946 Unmiiyliclc
1257 2898 1304 2931 ist
1321 2908 1355 2931 es
1375 2895 1476 2937 nieht,
1502 2894 1545 2927 (ἰα
1570 2892 1633 2926 dar
1653 2890 1858 2935 Barqmzder
1884 2900 1975 2922 scene

228 2966 548 3012 Bundesyenossen
571 2965 716 3000 iiber-all
738 2964 869 2999 sachte.
1596 3010 1603 3016 ·

154 3027 216 3071 40
350 3026 380 3072 ⁸)
412 3024 486 3072 Vql.
520 3025 644 3060 hierzu
668 3024 757 3059 iiber
782 3023 836 3057 dle
863 3024 1007 3068 spc‘itern
1031 3017 1292 3063 Zwistiykeiten
1320 3011 1531 3058 Siye'smumls
1557 3013 1617 3042 mrt
1638 3007 1774 3042 ,Iuliana
1797 3016 1861 3039 von
1888 3003 1976 3037 Bur-

227 3085 325 3132 yund
348 3084 604 3131 Forsclaunyen
631 3084 706 3118 und
729 3082 873 3124 Quellen
899 3079 938 3114 S.
965 3077 1034 3114 177
1036 3079 1070 3123 f.

301 3154 445 3188 Finke,
462 3155 548 3183 Acta
567 3152 700 3182 concilii
720 3149 997 3180 ConstanciensiS.
1014 3147 1040 3175 1.
1646 3126 1702 3167 20
