2216 3432
231 148 314 190 282
547 155 609 190 111.
635 153 835 188 Abschnitt.
885 150 1158 196 Vorgeschichte
1184 149 1246 184 des
1271 150 1495 184 Konstanzer
1518 148 1678 186 Konzils.

234 262 449 317 principio
481 261 616 302 habet
647 259 950 313 perversumss)
983 258 1152 310 dogma,
1185 256 1305 310 quod
1337 268 1425 298 non
1457 255 1592 297 habet
1624 254 1804 307 scisma,
1845 254 1925 297 sed
1955 254 1992 298 si

233 333 455 386 perduret,
489 330 606 372 cadit
638 329 682 370 in
704 328 905 378 heresim,
937 327 1040 380 quia
1071 325 1196 378 fingit
1228 339 1276 367 se
1309 326 1364 368 ab
1387 325 1574 367 ecclesia
1606 327 1723 367 recte
1755 324 1992 368 recessisse

232 405 275 444 et
307 403 406 443 ideo
431 402 634 443 censetur
658 399 880 441 hereticus
905 433 912 440 .
934 430 942 439 .
965 429 973 438 .
1008 398 1063 438 Et
1095 397 1172 447 illi,
1205 396 1280 450 qui
1314 396 1479 439 faciunt
1502 395 1662 438 scisma
1684 396 1754 438 vel
1778 396 1991 449 nutriunt,

234 473 399 514 faciunt
432 474 472 512 et
505 472 690 525 peccant
722 471 873 510 contra
895 468 1127 510 articulum
1151 466 1253 509 fidei
1285 466 1470 509 scilicet:
1503 469 1546 508 et
1569 466 1615 508 in
1637 479 1770 509 unam
1794 469 1990 510 sanctam

234 544 460 584 ecclesiam
500 542 761 582 catholicam
802 542 843 581 et
883 541 962 580 hoc
1003 539 1131 592 plane
1171 539 1382 591 probatur
1414 571 1423 579 .
1460 571 1468 579 .
1504 569 1512 578 .
1577 537 1688 579 Nam
1721 537 2034 580 Octavianus5

233 615 277 655 et
311 613 465 664 Guido,
500 612 575 665 qui
608 611 934 652 contenderunt
967 611 1020 651 de
1052 611 1218 662 papatu
1252 621 1349 650 cum
1372 607 1624 650 Alexandro
1656 606 1992 665 indampnatib),

232 684 277 725 in
303 683 498 725 Concilio
523 682 810 724 Lateranensi
843 676 1154 734 condempnati
1186 679 1380 729 fuerunt,
1414 692 1502 720 non
1526 678 1830 734 simpliciterc)
1861 680 1995 723 velud

233 753 436 805 heretici3
480 754 558 794 sed
601 755 827 805 tamquam
869 751 1147 792 heresiarche
1196 750 1240 791 id
1280 752 1348 792 est
1395 749 1555 791 summi
1594 750 1904 803 hereticorum,
1951 753 1995 794 et

235 826 378 865 tamen
420 837 507 865 non
538 823 773 874 invenitur,
816 822 934 875 quod
976 822 1084 862 alias
1124 821 1168 862 in
1208 820 1294 862 fide
1336 822 1560 862 errassent
1599 822 1642 862 et
1685 820 1852 873 merito,
1892 835 1993 865 nam

234 894 399 935 heresis
442 894 602 935 dicitur
645 894 698 934 ab
743 925 751 933 .
787 925 795 933 .
832 891 905 947 .'¹).
955 892 1073 946 quod
1115 893 1230 933 idem
1277 893 1357 942 est,
1407 891 1526 945 quod
1565 891 1762 933 dividere
1811 894 1854 934 et
1894 893 1994 936 ideo
2013 891 2066 934 10

235 964 322 1014 illc,
368 965 441 1018 qui
475 965 760 1017 pertinaciter
793 964 995 1018 dividitv)
1045 977 1090 1004 se
1130 963 1184 1004 ab
1218 962 1388 1004 unitate
1430 962 1626 1011 ecclesie,
1670 961 1829 1004 dicitur
1867 963 1995 1006 here-

233 1035 359 1076 ticus.
422 1036 477 1077 Et
510 1039 674 1089 quanto
708 1036 842 1087 inagis
875 1036 960 1083 ille,
995 1035 1068 1088 qni
1105 1047 1191 1076 non
1226 1034 1369 1075 solum
1402 1033 1479 1088 [se]
1504 1030 1703 1088 dividitss)
1735 1033 1790 1075 ab
1824 1034 1995 1078 unitate

235 1106 311 1146 sed
352 1106 455 1147 facit
493 1107 701 1149 scissuras
745 1108 787 1148 in
829 1106 1011 1148 ecelesia
1044 1106 1121 1147 Dei
1165 1105 1326 1146 multos
1359 1108 1448 1158 se‘2)
1481 1117 1694 1157 sequaces
1726 1104 1781 1146 ab
1824 1105 1994 1148 unitate

235 1176 480 1218 dividendo.
530 1177 582 1218 Et
615 1177 713 1219 ideo
737 1178 847 1219 tales
871 1175 1065 1229 meriton)
1090 1176 1369 1217 heresiarche
1392 1178 1618 1226 vocantur,
1651 1177 1701 1217 ut
1724 1177 1790 1217 est
1813 1176 1995 1229 dictum,

235 1248 279 1287 et
310 1248 466 1288 heatus
499 1248 689 1290 Thomas
728 1249 771 1289 in
815 1262 985 1289 summa
1019 1262 1078 1290 ar.
1121 1245 1210 1302 lli>
1244 1246 1365 1299 dicit,
1404 1247 1521 1299 quod
1565 1244 1848 1300 scismaticik)
1891 1260 1996 1289 con·
2015 1245 2066 1287 15

236 1317 438 1358 sideratis
480 1319 844 1370 circumstanciis,
894 1320 1069 1372 gravius
1112 1320 1318 1371 peccant,
1367 1329 1501 1371 quam
1541 1317 1730 1371 simplex
1775 1318 1996 1360 hereticus

236 1390 279 1428 et
318 1388 397 1429 hoc
436 1390 503 1430 vel
546 1392 726 1444 propter
765 1390 974 1431 maiorem
1018 1391 1322 1443 contemptum
1361 1389 1428 1430 vel
1471 1390 1652 1443 propter
1695 1388 1837 1431 maius
1876 1389 1997 1443 peri-

236 1458 381 1499 culum
415 1493 423 1501 .
460 1492 467 1500 .
503 1492 511 1500 .

354 1528 415 1584 [5]
478 1530 681 1573 Tereia.
746 1532 898 1572 Ymmo
947 1531 1133 1573 offendit
1180 1531 1441 1573 articulum:
1494 1538 1531 1571 et
1566 1531 1610 1571 in
1650 1545 1775 1571 unam
1812 1537 1998 1571 sanctam

235 1599 439 1639 eeclesiam
486 1601 723 1641 catholicam
769 1605 812 1643 et
861 1603 959 1644 licet
1006 1603 1210 1650 eundem,
1258 1616 1390 1656 quem
1405 1600 1435 1657 ¹)
1484 1615 1577 1652 nos,
1622 1603 1763 1643 Deum
1810 1604 1996 1656 patrem,
2012 1601 2069 1642 20

235 1671 420 1711 eundem
445 1671 597 1723 filiuni,
632 1674 819 1714 eundem
855 1674 1061 1727 spiritum
1094 1676 1295 1715 sanctuni
1319 1673 1486 1724 credat,
1519 1686 1597 1726 per
1629 1673 1710 1715 hoc
1743 1686 1768 1715 a
1795 1672 1997 1715 scismate

236 1742 280 1780 et
323 1742 465 1783 heresi
505 1743 703 1784 excusari
737 1746 880 1798 non¹¹')
928 1746 1088 1798 potest,
1137 1747 1183 1786 ut
1233 1758 1442 1798 expresse
1490 1744 1596 1785 dicit
1639 1744 1906 1798 Cyprianus,
1953 1743 1997 1785 in

236 1824 422 1854 canone:
455 1813 674 1853 didicimus
706 1815 864 1856 XXIIII
899 1830 939 1869 q.
970 1817 1003 1857 1.
1038 1818 1078 1856 et
1110 1815 1153 1856 in
1183 1829 1218 1856 c.
1244 1815 1454 1855 advocavit
1475 1814 1615 1856 XXIII
1640 1828 1681 1869 q.
1711 1816 1796 1870 1.¹¹)
1811 1813 1842 1868 ¹)
1877 1813 1998 1864 dicit,

236 1883 366 1935 quod,
401 1884 500 1924 licet
532 1884 711 1937 qnidam
748 1886 919 1927 Lucifer
952 1888 1189 1940 episcopus
1222 1901 1302 1941 pro
1336 1886 1422 1928 fide
1456 1887 1610 1929 fuisset
1642 1885 1804 1927 missus
1837 1884 1883 1926 iu
1906 1885 1998 1927 exi-

236 1952 343 1994 lium
385 1956 427 1995 et
468 1956 626 1997 multos
669 1957 723 1998 ad
772 1958 901 1998 tidem
951 1958 1237 2000 christianam
1286 1956 1579 1999 convertisset
1626 1958 1669 1998 et,
1716 1955 1849 1997 fidem
1897 1955 2068 2009 erga25

238 2024 374 2064 Deum
414 2026 597 2077 teneret,
640 2027 742 2081 quia
787 2031 933 2070 tamen
973 2029 1103 2070 tidem
1148 2043 1247 2083 erga
1292 2029 1371 2071 Dei
1413 2027 1644 2071 ecclesiam
1684 2040 1772 2069 non
1804 2027 1998 2078 tenebat,

237 2094 313 2134 sed
336 2096 594 2147 paciebatur
623 2099 764 2151 ipsam
790 2100 917 2141 velud
943 2101 1158 2154 quosdam
1182 2102 1304 2142 artus
1329 2100 1464 2142 dividi
1489 2099 1776 2152 membraque
1799 2096 1997 2149 lacerari,

238 2165 361 2206 sicud
392 2167 609 2209 hereticus
649 2169 727 2211 suit
761 2171 1122 2224 condempnatus.
1188 2171 1331 2222 Unde,
1365 2170 1566 2224 quisquis
1598 2169 1671 2211 ille
1705 2168 1857 2220 fuerit,
1900 2167 2001 2210 licet

239 2235 292 2276 dc
325 2250 370 2277 se
402 2238 585 2280 multum
618 2239 785 2282 iactans
818 2243 905 2296 ct⁰)
939 2242 1178 2295 plurimum
1212 2242 1295 2284 sibi
1328 2241 1588 2292 vendicans,
1626 2241 1863 2294 postquam
1895 2252 2000 2281 con-

240 2305 507 2350 iunctionem
555 2311 674 2362 pacis
722 2314 764 2352 et
796 2314 1009 2354 unitatem
1058 2314 1242 2367 spiritus
1291 2326 1379 2355 non
1419 2312 1634 2363 servavit,
1683 2311 1762 2353 sed
1808 2311 1902 2366 sep)
1944 2309 2071 2352 ab3O

239 2377 422 2419 ecclesie
454 2380 626 2423 vinculo
659 2384 703 2423 et
736 2382 919 2425 fratrum
964 2384 1145 2438 collegio
1178 2383 1420 2439 separavit,
1459 2396 1575 2437 pape
1615 2395 1695 2424 nec
1734 2382 2001 2436 potestatem

240 2450 384 2499 potest
416 2450 577 2492 habere
610 2466 689 2494 nec
721 2453 932 2496 honorem
956 2487 965 2496 .
991 2489 999 2497 .
1025 2487 1034 2496 .
1070 2456 1123 2497 Et
1156 2455 1229 2497 ille
1263 2456 1351 2497 duo
1383 2453 1654 2497 Octavianus
1685 2453 1731 2495 et
1763 2452 1906 2495 Guido
1929 2483 1939 2494 .
1961 2483 1971 2494 .
1990 2483 2000 2493 .

242 2530 327 2558 non
359 2519 535 2562 fuerunt
564 2524 817 2575 reprehensi
850 2526 906 2580 de
936 2525 1020 2568 alio
1053 2539 1199 2568 errore
1232 2525 1274 2568 in
1308 2525 1454 2581 fide‘1),
1488 2524 1575 2567 nisi
1605 2525 1819 2579 papatum
1849 2524 2002 2566 tenere

242 2588 581 2642 dampnabiliter
613 2595 898 2637 conabantur.

359 2659 424 2715 [6]
487 2662 700 2712 Quarta.
763 2666 832 2708 Ad
881 2670 1112 2721 quartum,
1166 2667 1391 2722 quintum,
1444 2668 1619 2710 sextum
1671 2666 1715 2708 et
1761 2662 2072 2720 septimum35

358 2825 388 2858 a)
416 2825 537 2853 malum
564 2828 602 2854 D.
656 2829 689 2863 b)
715 2829 1006 2866 indampnabiliter
1030 2833 1063 2859 et
1089 2833 1127 2859 D.
1182 2832 1212 2867 c)
1237 2831 1453 2868 singulariter
1477 2831 1517 2859 D.
1571 2830 1604 2864 d)
1630 2829 1691 2858 Die
1714 2827 1920 2864 Wioaerqabo
1946 2827 2003 2855 da

241 2868 477 2900 Stammwortes
502 2874 550 2900 bei
579 2875 662 2902 allen
689 2880 707 2903 3
732 2878 989 2912 Handechriften
1014 2879 1203 2913 sehlerhast.
1249 2881 1279 2914 e)
1305 2878 1460 2907 diviserit
1485 2878 1514 2907 0.
1567 2877 1593 2913 ί)
1618 2884 1654 2905 se
1677 2875 1760 2912 fehlt
1786 2876 1827 2910 D,
1856 2874 1949 2904 dedit
1972 2874 2003 2903 0.

242 2914 275 2949 11)
300 2917 386 2945 Fehlt
411 2919 440 2946 ⁶¹·
485 2921 517 2954 g)
542 2921 608 2951 sibi
635 2924 663 2950 ο.
711 2924 733 2958 i)
760 2926 852 2953 Dicae
876 2925 1008 2961 Anqabc
1032 2927 1113 2960 rehu
1139 2927 1168 2955 cz
1216 2927 1250 2959 k)
1275 2927 1306 2954 D
1324 2927 1382 2954 nat
1399 2925 1564 2962 sanantur.
1613 2924 1636 2959 ι)
1656 2930 1755 2960 qnam
1775 2922 1805 2952 o.
1851 2922 1896 2958 m)
1915 2922 1954 2950 ut
1973 2922 2005 2950 οι

242 2964 275 2997 11)
299 2964 494 2994 Undeutlich.
531 2969 562 3003 o)
583 2971 722 2998 multum
741 2972 825 3007 solat
843 2972 1034 3009 ilberfliluiq
1054 2975 1083 3002 0.
1119 2974 1152 3009 p)
1173 2981 1209 3002 se
1228 2973 1287 3002 scd
1307 2974 1336 3002 C'.
1373 2974 1407 3011 q)
1426 2972 1518 3010 Foloe
1537 2972 1616 3010 quia
1633 2970 1825 3007 uber-fianta
1843 2969 1874 2998 Ο.

364 3027 390 3077 ¹)
415 3037 445 3061 e.
470 3027 515 3062 31
541 3030 611 3064 und
632 3029 679 3064 23
709 3031 744 3066 G.
769 3031 815 3066 24
842 3045 873 3083 q.
899 3032 933 3067 1.
