2216 3432
449 162 492 200 B.
518 161 673 209 Gregors
698 163 782 199 XII.
810 165 972 213 Stellung
997 180 1074 204 zum
1100 170 1227 206 Konzil
1256 173 1309 208 bis
1336 186 1397 210 zur
1422 176 1624 225 Eriiffnung.
1663 181 1723 219 Nr.
1748 184 1803 219 67.
1922 177 2006 219 273

245 272 363 328 regis
395 273 718 326 Romanorum,
761 273 838 328 qui
876 276 1000 318 tanta
1039 290 1145 320 cura
1182 280 1395 336 tantaque
1428 286 1735 341 solempnitate
1767 291 2010 350 diligenti⁸)

246 343 579 388 examinacione
601 343 822 397 premissa
839 358 938 388 cum
962 349 1144 391 consilio
1163 351 1458 410 principumb)
1482 357 1789 403 determinavit
1804 342 2008 407 obedien-

245 416 359 459 ciam
402 416 552 472 darec)
593 429 709 470 pape
743 416 924 460 Urbano
967 422 1088 463 sexto
1133 424 1176 463 et
1215 426 1544 469 successoribus
1583 430 1688 483 suis,
1729 434 1771 474 et
1811 432 2007 478 felicibus

244 487 359 531 natis
393 486 485 530 suis
517 487 746 529 mandavit
777 489 858 531 sub
890 503 1007 543 pena
1038 492 1358 537 maledictionis
1389 497 1632 554 paterned),
1666 503 1715 543 ut
1745 515 1771 544 a
1804 504 1878 546 tali
1909 504 2009 548 fidei

203 559 559 615 5sinceritate1)
606 572 839 613 nunquam
888 562 1157 606 recederent.
1229 565 1364 608 Cuius
1408 568 1670 612 inclitissimi
1716 574 1852 626 patris
1891 578 2010 627 gesta

0 616 19 675 ἱ.
142 689 145 691 ·
244 632 412 674 nedum
444 644 526 686 per
558 644 798 686 generosos
830 631 944 674 filios
976 633 1143 686 fueress)
1178 635 1406 691 irritanda,
1440 640 1517 681 sed
1558 654 1701 695 neque
1738 657 1816 697 per
1847 646 2010 689 Turcos

0 695 11 777 ἶ
245 705 289 746 et
320 701 538 745 infideles.
601 702 656 744 Et
689 702 795 756 quia
834 717 886 746 ex
924 704 1168 748 maiestatis
1211 707 1356 750 officio
1394 710 1630 753 advocatus
1672 714 1776 756 estis
1817 717 2010 771 ecclesie,

0 778 22 828 'g
244 788 325 830 per
357 775 664 830 aspersionem
697 776 925 829 sanguinis
958 777 1062 819 Jesu
1095 777 1309 831 Christiff)
1343 782 1563 833 quatenus
1594 783 1815 827 flebilibus
1838 787 2011 829 casibus

245 846 444 899 ecclesie,
479 846 644 901 quibus
677 847 909 900 premitur,
944 851 1243 906 succurrereg)
1276 851 1486 894 debeatis.
1541 854 1640 907 Ipse
1673 869 1774 897 vero
1808 858 2009 901 dominus

0 916 21 982 3
176 918 230 959 10
244 916 446 972 nosterh)
479 931 599 973 papa
631 917 868 971 Gregorius
902 932 948 961 se
982 919 1110 962 offert
1148 921 1203 963 ad
1246 922 1474 975 quodlibet
1505 925 1712 978 possibile
1752 941 1838 970 non
1872 930 2011 972 solum

245 991 298 1033 de
331 990 427 1032 iure
467 990 692 1032 communi
733 991 812 1032 sed
854 989 945 1044 dei)
988 992 1265 1045 plenitudine
1307 995 1563 1048 postestatis
1602 1010 1742 1051 usque
1781 1000 1835 1041 ad
1873 1001 2011 1042 tocius

244 1062 472 1116 sanguinis
497 1062 777 1116 effusionem,
802 1063 864 1105 nil
882 1063 962 1105 sibi
990 1077 1220 1106 reservans
1242 1067 1393 1119 preter
1415 1067 1681 1110 conscientie
1703 1069 1941 1122 puritatem
1956 1072 2010 1127 2),

244 1136 400 1177 contra
438 1147 574 1188 quam
606 1135 862 1177 nullatenus
902 1136 1094 1178 intendit
1126 1137 1288 1188 venire,
1330 1138 1409 1180 sed
1441 1138 1593 1193 pocius
1632 1140 1826 1196 ymmoh)
1868 1143 2011 1185 omnia

243 1206 360 1249 mala
392 1207 487 1260 pati
521 1220 655 1260 quam
689 1207 804 1249 mala
836 1209 1108 1261 perpetrare.
1172 1209 1228 1251 Et
1260 1222 1341 1263 pro
1364 1210 1655 1253 declaratione
1678 1213 1799 1254 tante
1833 1215 2011 1256 materie

177 1276 229 1317 15
245 1278 418 1332 aliquas
451 1278 763 1321 conclusiones
795 1282 999 1331 annecto,
1034 1293 1223 1333 quarum
1255 1280 1397 1335 prima
1430 1283 1498 1323 est
1529 1280 1668 1335 beck)

366 1349 433 1406 [1]
469 1351 674 1392 Potestas
700 1349 743 1406 3)
777 1351 968 1392 Romani
1008 1350 1231 1404 pontificis
1273 1365 1362 1394 non
1405 1354 1470 1394 est
1512 1354 1566 1395 ab
1599 1354 1775 1396 homine
1814 1368 1956 1408 neque
1988 1370 2013 1398 a

243 1422 336 1464 tota
369 1421 663 1464 universitate
702 1421 1044 1464 christianorum
1068 1423 1145 1464 sed
1178 1437 1203 1464 a
1236 1423 1328 1464 solo
1362 1424 1452 1466 Deo
1486 1424 1662 1467 domino
1693 1424 1887 1480 nostro¹¹)
1909 1427 2011 1468 Jesu

246 1492 423 1536 Christo
457 1493 653 1537 dicente,
703 1491 828 1549 Eyol)
871 1492 942 1534 tibi
980 1492 1088 1534 dabo
1126 1494 1256 1534 claves
1294 1496 1412 1548 reym'
1447 1495 1633 1535 celorum.
1649 1495 1679 1548 1)
1743 1496 1866 1538 Hane
1910 1510 2012 1539 con-

247 1565 494 1607 clusionem
527 1565 731 1607 doctores
766 1566 1020 1619 solempnes
1053 1565 1273 1619 theologie
1306 1565 1463 1607 diffuse
1495 1567 1698 1620 probant,
1733 1569 1778 1608 ut
1810 1568 2010 1609 dominus

173 1634 232 1675 ΞΟ
246 1636 405 1679 Petrus
438 1637 494 1679 de
529 1637 696 1679 Palude
710 1635 749 1691 2)
781 1636 951 1679 ordinis
985 1637 1320 1679 Predicatorum
1365 1639 1407 1678 et
1449 1637 1548 1692 N.3)
1589 1638 1754 1678 ordinis
1793 1639 2010 1680 Minoi-um

243 1708 291 1750 in
324 1709 533 1760 tractatu,
568 1722 702 1762 quem
735 1708 839 1750 fecit
871 1709 1050 1762 copiose
1084 1709 1128 1750 et
1161 1709 1383 1761 eleganter
1416 1709 1468 1750 de
1502 1707 1588 1750 ista
1619 1709 1813 1750 materia.
1828 1711 1873 1763 ¹¹¹)

363 1779 431 1836 [2]
466 1780 673 1822 Secunda
686 1779 730 1835 4)
775 1781 841 1822 est
854 1782 906 1836 ¹¹),
940 1793 1057 1834 papa
1088 1794 1175 1821 non
1209 1781 1356 1833 potest
1387 1779 1562 1833 deponi,
1595 1779 1680 1821 nisi
1708 1780 1889 1833 propter
1912 1793 2011 1833 per-

243 1851 440 1894 tinacem
482 1851 691 1899 heresim,
741 1866 829 1906 que
869 1853 935 1894 est
985 1852 1148 1893 directe
1191 1853 1342 1893 contra
1383 1851 1524 1892 Deum
1563 1852 1606 1892 et
1652 1850 1856 1892 articulos
1894 1850 2007 1892 fidei.

242 1923 338 1966 Hoc
371 1925 438 1965 est
471 1923 639 1966 domini
673 1923 887 1966 {Iohannis
915 1924 1095 1965 Andree
1128 1923 1172 1964 in
1203 1923 1414 1975 novella0)
1438 1922 1483 1963 in
1506 1936 1539 1964 c.
1566 1922 1622 1966 acl
1641 1921 1839 1962 hominem
1869 1924 1912 1963 et
1935 1921 2010 1963 ali-

0 1994 11 2028 ³
172 1992 228 2033 25
243 2007 370 2037 orum
405 1996 638 2037 doctorum
671 2008 777 2037 sane
811 1995 857 2037 in
888 1994 975 2037 fide
1009 1994 1318 2036 senciencium.

0 2031 6 2081 ἑ
364 2067 425 2122 [3]
460 2066 692 2123 Tercia,⁵)
724 2067 821 2120 ipse
856 2066 1061 2108 dominus
1074 2066 1112 2120 ¹³)
1144 2079 1260 2120 papa
1283 2064 1514 2118 Gregorius
1537 2065 1618 2105 scit
1640 2078 1691 2105 ex
1722 2065 1840 2105 certa
1871 2062 2011 2104 scien-

243 2137 318 2190 tia,
352 2138 470 2192 quod
511 2140 666 2180 contra
698 2139 840 2180 Deum
881 2139 923 2179 et
962 2138 1170 2179 articulos
1214 2135 1318 2178 fidei
1358 2136 1419 2177 nil
1473 2136 1618 2187 sentit,
1659 2135 1737 2176 sed
1780 2147 1852 2175 eos
1890 2134 2011 2175 tenet

243 2211 287 2251 et
329 2212 568 2252 veneratur
608 2210 856 2252 secundum
902 2222 1179 2251 communem
1219 2208 1382 2249 scolam
1425 2208 1468 2248 et
1507 2207 1707 2248 doctores
1747 2205 2011 2259 approbatos

243 2292 324 2334 per
356 2282 687 2324 sacrosanctam
721 2281 967 2323 ecclesiam.

174 2350 230 2392 30
365 2352 422 2409 [4]
457 2352 640 2405 Quarta,
657 2352 700 2409 ⁶)
731 2353 849 2394 idem
883 2352 1085 2394 dominus
1126 2364 1242 2405 papa
1274 2349 1509 2404 Gregorius
1549 2349 1631 2390 scit
1671 2362 1695 2389 a
1726 2348 1857 2395 certo,
1895 2345 2012 2399 quod

243 2423 290 2465 in
330 2426 541 2478 pretenso
584 2437 800 2478 processu
841 2423 1002 2466 Pisano
1053 2422 1265 2464 nonnulla
1312 2420 1629 2475 mendacite1¹¹')
1672 2418 1895 2471 finguntur
1936 2429 2012 2469 per

363 2554 394 2586 a)
424 2553 492 2580 tam
525 2552 738 2580 solemnitate
771 2552 903 2587 digesta
936 2553 966 2586 0,
994 2553 1031 2578 D.
1089 2552 1120 2584 b)
1148 2558 1221 2578 cum
1253 2549 1392 2577 consilio
1419 2548 1602 2583 principum
1632 2547 1712 2581 fehlt
1738 2547 1768 2580 C,
1790 2547 1826 2572 D.
1882 2546 1911 2578 c)
1937 2545 2012 2572 (lare

243 2606 304 2635 pro
326 2599 458 2628 domino
479 2607 567 2635 papa
586 2601 625 2634 B,
648 2601 679 2634 Ο,
700 2601 740 2627 D.
786 2600 817 2634 d)
845 2601 959 2628 eterne
987 2601 1026 2633 Β,
1049 2600 1077 2626 Ο.
1127 2599 1155 2632 e)
1184 2599 1260 2625 sunt
1286 2598 1324 2624 D.
1372 2596 1397 2629 f)
1425 2597 1504 2623 Hier
1523 2595 1603 2629 fehlt
1624 2595 1672 2621 bei
1692 2593 1776 2621 allen
1797 2594 1856 2619 (las
1883 2592 2012 2619 Verbum

246 2647 374 2682 (r0g0?)
416 2649 449 2681 g)
470 2648 551 2674 Hier
575 2647 660 2682 folyt
685 2648 720 2675 in
739 2648 770 2674 D
796 2647 985 2682 dignemini.
1033 2646 1065 2680 h)
1087 2645 1173 2672 Fehlt
1194 2646 1233 2672 D.
1284 2644 1306 2679 i>
1328 2652 1346 2671 a
1368 2645 1405 2677 B,
1428 2644 1456 2670 C'.
1502 2643 1534 2675 k)
1556 2648 1692 2676 quarum
1720 2640 1767 2667 bis
1791 2639 1849 2666 hec
1876 2638 1954 2672 fehlt
1975 2639 2011 2664 D.

173 2695 268 2737 351)
290 2702 367 2722 ecce
388 2695 427 2721 D.
460 2701 521 2729 ego
542 2694 628 2722 dabo
650 2694 711 2722 tibi
734 2695 762 2722 C.
800 2696 842 2728 m)
870 2691 936 2722 Vim
956 2695 993 2721 ut
1007 2693 1158 2721 dominus
1174 2693 1221 2719 bis
1235 2693 1304 2719 hier
1324 2691 1405 2725 fehlt
1418 2691 1462 2717 im
1476 2689 1596 2717 Druck.
1632 2689 1664 2722 11)
1686 2689 1723 2715 O:
1744 2686 1898 2719 Secunda,
1912 2685 2012 2719 quod;

244 2743 294 2770 D:
315 2741 472 2776 Sequitur
492 2741 663 2769 conclusio
685 2742 843 2776 secunda,
862 2741 1008 2769 secunda
1028 2740 1198 2769 conclusio
1220 2740 1280 2766 est.
1318 2739 1348 2765 D
1367 2739 1423 2765 hat
1444 2736 1614 2764 conclusio
1635 2736 1723 2762 darm
1742 2734 1821 2761 noch
1842 2733 1890 2760 bis
1910 2734 2014 2759 sexta.

244 2791 276 2824 ο)
297 2790 331 2817 in
351 2789 486 2818 novella
504 2789 586 2823 fehlt
606 2790 643 2816 Β.
683 2790 723 2817 0.-
748 2789 782 2817 in
802 2789 936 2817 novella
956 2789 989 2816 in
1010 2796 1057 2817 ca.
1077 2789 1121 2815 ad
1141 2787 1297 2814 hominem
1318 2787 1351 2812 et
1370 2785 1509 2812 aliorum
1530 2783 1700 2810 doctorum
1721 2781 1790 2808 sive
1810 2780 1841 2807 in
1857 2779 1921 2806 fide
1941 2786 2011 2806 sen-

246 2837 417 2866 ciencium.
455 2838 503 2865 D:
528 2837 561 2864 in
581 2836 725 2870 novella,
751 2837 841 2864 daun
862 2836 970 2864 Lu'cke
994 2836 1055 2870 silv·
1081 2835 1113 2862 in
1134 2842 1161 2862 c.
1182 2835 1226 2862 ad
1245 2833 1412 2865 hominem,
1438 2832 1549 2865 &pitter
1567 2829 1646 2864 fehlt
1667 2829 1700 2860 in,
1719 2828 1791 2855 fide.
1828 2828 1859 2862 p)
1880 2826 1963 2853 Fehlt
1984 2826 2013 2852 0.

367 2899 393 2943 ¹)
419 2897 495 2932 Aus
523 2896 647 2931 Mattlz.
675 2896 732 2940 16'7
759 2896 815 2931 19.

172 2967 233 3011 40
367 2958 394 3003 5Β)
435 2956 498 3004 [ζᾳῐ.
532 2956 621 2991 iiber
660 2956 719 2991 ilen
757 2953 1052 3002 ffiae'tzf-Echard,
1091 2953 1149 2988 Ss.
1190 2953 1263 2987 ord.
1303 2951 1591 2986 Praedicatormn
1628 2947 1650 2981 I
1676 2959 1714 2993 p.
1752 2945 1821 2980 603
1829 2945 1872 2991 ff
1936 2943 2012 2977 Der

250 3016 404 3053 Traktat
428 3015 508 3051 607.

336 3077 371 3125 3³)
397 3076 448 3111 Ob
473 3076 588 3111 dieses
616 3076 659 3111 N.
676 3076 747 3121 fiir
773 3075 874 3109 einen
899 3073 1036 3108 Namen
1062 3072 1176 3108 steht?

315 3146 342 3176 F
349 3147 361 3175 i
368 3154 389 3175 n
397 3147 421 3175 k
428 3154 446 3175 e
453 3166 462 3182 ,
479 3147 566 3175 Acta
584 3144 719 3174 concilii
739 3143 1020 3173 constanciensis.
1037 3142 1063 3172 1.
1682 3125 1732 3167 18
