<?xml version="1.0" encoding="UTF-8"?>
<!DOCTYPE html PUBLIC "-//W3C//DTD XHTML 1.0 Transitional//EN"
    "http://www.w3.org/TR/xhtml1/DTD/xhtml1-transitional.dtd">
<html xmlns="http://www.w3.org/1999/xhtml" xml:lang="en" lang="en">
 <head>
  <title>
</title>
<meta http-equiv="Content-Type" content="text/html;charset=utf-8" />
  <meta name='ocr-system' content='tesseract 3.04.00' />
  <meta name='ocr-capabilities' content='ocr_page ocr_carea ocr_par ocr_line ocrx_word'/>
</head>
<body>
  <div class='ocr_page' id='page_1' title='image "./actaconciliicons01counuoft_0163.png"; bbox 0 0 2216 3432; ppageno 0'>
   <div class='ocr_carea' id='block_1_1' title="bbox 235 162 2008 392">
    <p class='ocr_par' dir='ltr' id='par_1_1' title="bbox 235 162 2008 392">
     <span class='ocr_line' id='line_1_1' title="bbox 1926 162 2006 205; baseline 0.025 -2"><span class='ocrx_word' id='word_1_1' title='bbox 1926 162 2006 205; x_wconf 80' lang='lat'>149</span> 
     </span>
     <span class='ocr_line' id='line_1_2' title="bbox 235 263 2008 323; baseline 0.006 -12"><span class='ocrx_word' id='word_1_2' title='bbox 235 263 292 311; x_wconf 81' lang='lat' dir='ltr'>C.</span> <span class='ocrx_word' id='word_1_3' title='bbox 353 264 465 311; x_wconf 80' lang='lat' dir='ltr'>Das</span> <span class='ocrx_word' id='word_1_4' title='bbox 502 264 813 322; x_wconf 82' lang='lat' dir='ltr'>angebliche</span> <span class='ocrx_word' id='word_1_5' title='bbox 854 266 1211 315; x_wconf 68' lang='lat' dir='ltr'>franzbsische</span> <span class='ocrx_word' id='word_1_6' title='bbox 1242 270 1556 318; x_wconf 81' lang='lat' dir='ltr'>Konkordat</span> <span class='ocrx_word' id='word_1_7' title='bbox 1591 286 1697 319; x_wconf 87' lang='lat' dir='ltr'>von</span> <span class='ocrx_word' id='word_1_8' title='bbox 1729 274 1855 320; x_wconf 90' lang='lat'>1411</span> <span class='ocrx_word' id='word_1_9' title='bbox 1896 277 2008 323; x_wconf 84' lang='lat' dir='ltr'>und.</span> 
     </span>
     <span class='ocr_line' id='line_1_3' title="bbox 300 335 1941 392; baseline 0.007 -12"><span class='ocrx_word' id='word_1_10' title='bbox 300 335 386 382; x_wconf 84' lang='lat' dir='ltr'>die</span> <span class='ocrx_word' id='word_1_11' title='bbox 418 335 778 382; x_wconf 66' lang='lat' dir='ltr'>franzosische</span> <span class='ocrx_word' id='word_1_12' title='bbox 811 336 1229 386; x_wconf 81' lang='lat' dir='ltr'>Gesandtschaft</span> <span class='ocrx_word' id='word_1_13' title='bbox 1259 354 1380 387; x_wconf 89' lang='lat' dir='ltr'>zum</span> <span class='ocrx_word' id='word_1_14' title='bbox 1410 343 1713 389; x_wconf 69' lang='lat' dir='ltr'>romischen</span> <span class='ocrx_word' id='word_1_15' title='bbox 1742 346 1941 392; x_wconf 87' lang='lat' dir='ltr'>Konzil.</span> 
     </span>
    </p>
   </div>
   <div class='ocr_carea' id='block_1_2' title="bbox 0 430 2005 567">
    <p class='ocr_par' dir='ltr' id='par_1_2' title="bbox 0 430 2005 567">
     <span class='ocr_line' id='line_1_4' title="bbox 0 430 2005 496; baseline 0.006 -26"><span class='ocrx_word' id='word_1_16' title='bbox 0 433 7 474; x_wconf 64' lang='grc' dir='ltr'><strong><em>ἓ</em></strong></span> <span class='ocrx_word' id='word_1_17' title='bbox 233 430 309 476; x_wconf 78' lang='grc'>33.</span> <span class='ocrx_word' id='word_1_18' title='bbox 372 430 762 488; x_wconf 69' lang='lat' dir='ltr'>Beqrussunysrede</span> <span class='ocrx_word' id='word_1_19' title='bbox 794 433 881 487; x_wconf 76' lang='lat' dir='ltr'>(des</span> <span class='ocrx_word' id='word_1_20' title='bbox 912 433 1019 475; x_wconf 82' lang='lat' dir='ltr'>Jean</span> <span class='ocrx_word' id='word_1_21' title='bbox 1050 435 1099 476; x_wconf 85' lang='lat' dir='ltr'>de</span> <span class='ocrx_word' id='word_1_22' title='bbox 1129 435 1367 490; x_wconf 74' lang='lat' dir='ltr'>Montreuil)</span> <span class='ocrx_word' id='word_1_23' title='bbox 1405 439 1462 478; x_wconf 80' lang='lat' dir='ltr'>im</span> <span class='ocrx_word' id='word_1_24' title='bbox 1495 436 1657 480; x_wconf 83' lang='lat' dir='ltr'>Numen</span> <span class='ocrx_word' id='word_1_25' title='bbox 1695 441 1768 481; x_wconf 69' lang='lat' dir='ltr'>der</span> <span class='ocrx_word' id='word_1_26' title='bbox 1798 442 2005 496; x_wconf 65' lang='lat' dir='ltr'>franziisi-</span> 
     </span>
     <span class='ocr_line' id='line_1_5' title="bbox 8 502 1887 567; baseline 0.005 -26"><span class='ocrx_word' id='word_1_27' title='bbox 8 524 10 526; x_wconf 36' lang='lat' dir='ltr'>v</span> <span class='ocrx_word' id='word_1_28' title='bbox 353 502 471 544; x_wconf 63' lang='lat' dir='ltr'>selaeu</span> <span class='ocrx_word' id='word_1_29' title='bbox 501 502 990 558; x_wconf 72' lang='lat' dir='ltr'>Konzilsyesandtsclcaft</span> <span class='ocrx_word' id='word_1_30' title='bbox 1018 520 1089 546; x_wconf 74' lang='lat' dir='ltr'>vor</span> <span class='ocrx_word' id='word_1_31' title='bbox 1117 506 1281 548; x_wconf 69' lang='lat' dir='ltr'>Joharm</span> <span class='ocrx_word' id='word_1_32' title='bbox 1314 506 1487 551; x_wconf 88' lang='lat' dir='ltr'><em>XXIII.</em></span> <span class='ocrx_word' id='word_1_33' title='bbox 1531 508 1706 563; x_wconf 74' lang='lat' dir='ltr'>(Herbst</span> <span class='ocrx_word' id='word_1_34' title='bbox 1743 510 1887 567; x_wconf 76' lang='grc'>1412.)</span> 
     </span>
    </p>
   </div>
   <div class='ocr_carea' id='block_1_3' title="bbox 192 593 2011 707">
    <p class='ocr_par' dir='ltr' id='par_1_3' title="bbox 192 593 2011 707">
     <span class='ocr_line' id='line_1_6' title="bbox 192 593 2011 647; baseline 0.005 -16"><span class='ocrx_word' id='word_1_35' title='bbox 192 593 218 635; x_wconf 90' lang='grc'>5</span> <span class='ocrx_word' id='word_1_36' title='bbox 305 597 381 632; x_wconf 78' lang='lat' dir='ltr'>Aus</span> <span class='ocrx_word' id='word_1_37' title='bbox 412 596 495 632; x_wconf 82' lang='lat' dir='ltr'><strong><em>Cod.</em></strong></span> <span class='ocrx_word' id='word_1_38' title='bbox 523 596 642 631; x_wconf 85' lang='grc'><em>13062</em></span> <span class='ocrx_word' id='word_1_39' title='bbox 656 597 727 642; x_wconf 85' lang='lat' dir='ltr'>fol.</span> <span class='ocrx_word' id='word_1_40' title='bbox 756 596 777 631; x_wconf 92' lang='lat'><strong><em>7</em></strong></span> <span class='ocrx_word' id='word_1_41' title='bbox 807 598 871 632; x_wconf 77' lang='lat' dir='ltr'>der</span> <span class='ocrx_word' id='word_1_42' title='bbox 898 597 1049 633; x_wconf 73' lang='lat' dir='ltr'>Pariscr</span> <span class='ocrx_word' id='word_1_43' title='bbox 1088 599 1330 646; x_wconf 64' lang='lat' dir='ltr'>Bibliocloeqzw</span> <span class='ocrx_word' id='word_1_44' title='bbox 1365 602 1542 637; x_wconf 72' lang='lat' dir='ltr'><em>nationale</em></span> <span class='ocrx_word' id='word_1_45' title='bbox 1580 604 1639 647; x_wconf 77' lang='lat' dir='ltr'>(B)</span> <span class='ocrx_word' id='word_1_46' title='bbox 1677 604 1916 640; x_wconf 74' lang='lat' dir='ltr'>kollationicrt</span> <span class='ocrx_word' id='word_1_47' title='bbox 1949 607 2011 641; x_wconf 80' lang='lat' dir='ltr'>mit</span> 
     </span>
     <span class='ocr_line' id='line_1_7' title="bbox 378 656 1717 707; baseline 0.004 -16"><span class='ocrx_word' id='word_1_48' title='bbox 378 657 507 691; x_wconf 80' lang='lat' dir='ltr'>Druck</span> <span class='ocrx_word' id='word_1_49' title='bbox 533 656 589 691; x_wconf 73' lang='lat' dir='ltr'>bei</span> <span class='ocrx_word' id='word_1_50' title='bbox 616 657 776 692; x_wconf 69' lang='lat' dir='ltr'>Marte‘ne</span> <span class='ocrx_word' id='word_1_51' title='bbox 803 662 839 692; x_wconf 79' lang='lat' dir='ltr'>et</span> <span class='ocrx_word' id='word_1_52' title='bbox 863 657 1027 702; x_wconf 77' lang='lat' dir='ltr'>Durand,</span> <span class='ocrx_word' id='word_1_53' title='bbox 1053 658 1281 705; x_wconf 70' lang='lat' dir='ltr'>Amplissima</span> <span class='ocrx_word' id='word_1_54' title='bbox 1310 660 1478 695; x_wconf 71' lang='lat' dir='ltr'>Collectio</span> <span class='ocrx_word' id='word_1_55' title='bbox 1502 662 1551 706; x_wconf 86' lang='lat' dir='ltr'>II,</span> <span class='ocrx_word' id='word_1_56' title='bbox 1577 662 1717 707; x_wconf 77' lang='lat'>1375.1)</span> 
     </span>
    </p>
   </div>
   <div class='ocr_carea' id='block_1_4' title="bbox 0 0 131 265">
    <p class='ocr_par' dir='ltr' id='par_1_4' title="bbox 0 0 131 265">
     <span class='ocr_line' id='line_1_8' title="bbox 0 0 131 265; baseline 0 3167"><span class='ocrx_word' id='word_1_57' title='bbox 0 0 131 265; x_wconf 95' lang='lat' dir='ltr'> </span> 
     </span>
    </p>
   </div>
   <div class='ocr_carea' id='block_1_5' title="bbox 0 753 2011 2493">
    <p class='ocr_par' dir='ltr' id='par_1_5' title="bbox 232 753 2010 955">
     <span class='ocr_line' id='line_1_9' title="bbox 352 753 2008 814; baseline 0.004 -18"><span class='ocrx_word' id='word_1_58' title='bbox 352 753 422 796; x_wconf 93' lang='lat' dir='ltr'>Ad</span> <span class='ocrx_word' id='word_1_59' title='bbox 455 766 588 807; x_wconf 90' lang='lat' dir='ltr'>quem</span> <span class='ocrx_word' id='word_1_60' title='bbox 621 755 666 795; x_wconf 87' lang='lat' dir='ltr'>et</span> <span class='ocrx_word' id='word_1_61' title='bbox 699 767 724 795; x_wconf 92' lang='lat' dir='ltr'>a</span> <span class='ocrx_word' id='word_1_62' title='bbox 756 766 844 807; x_wconf 90' lang='lat' dir='ltr'>quo</span> <span class='ocrx_word' id='word_1_63' title='bbox 877 754 1000 795; x_wconf 90' lang='lat' dir='ltr'>missi</span> <span class='ocrx_word' id='word_1_64' title='bbox 1034 768 1208 804; x_wconf 82' lang='lat' dir='ltr'>sumus,</span> <span class='ocrx_word' id='word_1_65' title='bbox 1252 756 1506 809; x_wconf 81' lang='lat' dir='ltr'>dignissime</span> <span class='ocrx_word' id='word_1_66' title='bbox 1538 770 1587 800; x_wconf 89' lang='lat' dir='ltr'>ac</span> <span class='ocrx_word' id='word_1_67' title='bbox 1621 759 1898 802; x_wconf 77' lang='lat' dir='ltr'>sanctissime</span> <span class='ocrx_word' id='word_1_68' title='bbox 1930 773 2008 814; x_wconf 91' lang='lat' dir='ltr'>pa-</span> 
     </span>
     <span class='ocr_line' id='line_1_10' title="bbox 232 824 2009 882; baseline 0.004 -15"><span class='ocrx_word' id='word_1_69' title='bbox 232 826 365 874; x_wconf 79' lang='lat' dir='ltr'>trum,</span> <span class='ocrx_word' id='word_1_70' title='bbox 399 825 458 878; x_wconf 82' lang='lat' dir='ltr'>et,</span> <span class='ocrx_word' id='word_1_71' title='bbox 491 824 568 879; x_wconf 88' lang='lat' dir='ltr'>qui</span> <span class='ocrx_word' id='word_1_72' title='bbox 602 825 698 877; x_wconf 92' lang='lat' dir='ltr'>sim,</span> <span class='ocrx_word' id='word_1_73' title='bbox 732 824 1009 878; x_wconf 90' lang='lat' dir='ltr'>potissimum</span> <span class='ocrx_word' id='word_1_74' title='bbox 1057 826 1346 868; x_wconf 76' lang='lat' dir='ltr'>considerans</span> <span class='ocrx_word' id='word_1_75' title='bbox 1390 828 1510 882; x_wconf 87' lang='lat' dir='ltr'>loqui</span> <span class='ocrx_word' id='word_1_76' title='bbox 1557 829 1792 882; x_wconf 87' lang='lat' dir='ltr'>prohibeor</span> <span class='ocrx_word' id='word_1_77' title='bbox 1833 844 1881 872; x_wconf 90' lang='lat' dir='ltr'>ac</span> <span class='ocrx_word' id='word_1_78' title='bbox 1918 833 2009 874; x_wconf 90' lang='lat' dir='ltr'>tota</span> 
     </span>
     <span class='ocr_line' id='line_1_11' title="bbox 233 897 2010 955; baseline 0.002 -16"><span class='ocrx_word' id='word_1_79' title='bbox 233 898 380 939; x_wconf 87' lang='lat' dir='ltr'>mente</span> <span class='ocrx_word' id='word_1_80' title='bbox 432 897 568 951; x_wconf 88' lang='lat' dir='ltr'>atque</span> <span class='ocrx_word' id='word_1_81' title='bbox 623 897 809 938; x_wconf 87' lang='lat' dir='ltr'>artubus</span> <span class='ocrx_word' id='word_1_82' title='bbox 861 897 1151 940; x_wconf 89' lang='lat' dir='ltr'>contremisco</span> <span class='ocrx_word' id='word_1_83' title='bbox 1214 899 1257 939; x_wconf 85' lang='lat' dir='ltr'>et</span> <span class='ocrx_word' id='word_1_84' title='bbox 1304 911 1405 940; x_wconf 89' lang='lat' dir='ltr'>cum</span> <span class='ocrx_word' id='word_1_85' title='bbox 1459 900 1690 953; x_wconf 88' lang='lat' dir='ltr'>psalmista</span> <span class='ocrx_word' id='word_1_86' title='bbox 1737 901 1903 955; x_wconf 76' lang='lat' dir='ltr'>factum</span> <span class='ocrx_word' id='word_1_87' title='bbox 1951 910 2010 943; x_wconf 74' lang='lat' dir='ltr'>est</span> 
     </span>
    </p>

    <p class='ocr_par' dir='ltr' id='par_1_6' title="bbox 160 968 2011 2379">
     <span class='ocr_line' id='line_1_12' title="bbox 166 968 2007 1026; baseline 0.003 -16"><span class='ocrx_word' id='word_1_88' title='bbox 166 968 303 1010; x_wconf 75' lang='lat' dir='ltr'>locor</span> <span class='ocrx_word' id='word_1_89' title='bbox 331 982 466 1008; x_wconf 81' lang='lat' dir='ltr'>meum</span> <span class='ocrx_word' id='word_1_90' title='bbox 496 974 708 1022; x_wconf 75' lang='lat' dir='ltr'><strong><em>tamquam</em></strong></span> <span class='ocrx_word' id='word_1_91' title='bbox 730 982 823 1008; x_wconf 75' lang='lat' dir='ltr'>cera</span> <span class='ocrx_word' id='word_1_92' title='bbox 856 968 1079 1023; x_wconf 69' lang='lat' dir='ltr'>liquescens</span> <span class='ocrx_word' id='word_1_93' title='bbox 1111 970 1155 1009; x_wconf 68' lang='grc' dir='ltr'>73η</span> <span class='ocrx_word' id='word_1_94' title='bbox 1186 969 1318 1010; x_wconf 64' lang='lat' dir='ltr'>medio</span> <span class='ocrx_word' id='word_1_95' title='bbox 1349 971 1501 1010; x_wconf 71' lang='lat' dir='ltr'>ventris</span> <span class='ocrx_word' id='word_1_96' title='bbox 1522 970 1661 1026; x_wconf 59' lang='lat' dir='ltr'>mest),</span> <span class='ocrx_word' id='word_1_97' title='bbox 1696 972 1800 1013; x_wconf 89' lang='lat' dir='ltr'>dum</span> <span class='ocrx_word' id='word_1_98' title='bbox 1823 973 2007 1015; x_wconf 79' lang='lat' dir='ltr'>maxime</span> 
     </span>
     <span class='ocr_line' id='line_1_13' title="bbox 232 1038 2009 1095; baseline 0.002 -14"><span class='ocrx_word' id='word_1_99' title='bbox 232 1039 343 1082; x_wconf 88' lang='lat' dir='ltr'>meis</span> <span class='ocrx_word' id='word_1_100' title='bbox 375 1040 505 1082; x_wconf 87' lang='lat' dir='ltr'>sonat</span> <span class='ocrx_word' id='word_1_101' title='bbox 547 1038 594 1080; x_wconf 91' lang='lat' dir='ltr'>in</span> <span class='ocrx_word' id='word_1_102' title='bbox 632 1039 815 1081; x_wconf 86' lang='lat' dir='ltr'>auribus</span> <span class='ocrx_word' id='word_1_103' title='bbox 854 1053 938 1082; x_wconf 83' lang='lat' dir='ltr'>vox</span> <span class='ocrx_word' id='word_1_104' title='bbox 985 1039 1060 1082; x_wconf 90' lang='lat' dir='ltr'>illa</span> <span class='ocrx_word' id='word_1_105' title='bbox 1102 1040 1418 1095; x_wconf 75' lang='lat' dir='ltr'>sapientissimi</span> <span class='ocrx_word' id='word_1_106' title='bbox 1458 1042 1726 1084; x_wconf 83' lang='lat' dir='ltr'>Salomonis:</span> <span class='ocrx_word' id='word_1_107' title='bbox 1774 1043 1938 1083; x_wconf 72' lang='lat' dir='ltr'>Alciora</span> <span class='ocrx_word' id='word_1_108' title='bbox 1976 1050 2009 1085; x_wconf 76' lang='lat' dir='ltr'>te</span> 
     </span>
     <span class='ocr_line' id='line_1_14' title="bbox 231 1110 2007 1168; baseline 0.003 -17"><span class='ocrx_word' id='word_1_109' title='bbox 231 1125 281 1152; x_wconf 78' lang='lat' dir='ltr'>ne</span> <span class='ocrx_word' id='word_1_110' title='bbox 310 1110 571 1166; x_wconf 66' lang='lat' dir='ltr'>quesierisss),</span> <span class='ocrx_word' id='word_1_111' title='bbox 613 1112 655 1153; x_wconf 90' lang='lat' dir='ltr'>et</span> <span class='ocrx_word' id='word_1_112' title='bbox 697 1111 806 1152; x_wconf 89' lang='lat' dir='ltr'>illud</span> <span class='ocrx_word' id='word_1_113' title='bbox 850 1111 1050 1153; x_wconf 89' lang='lat' dir='ltr'>eiusdem</span> <span class='ocrx_word' id='word_1_114' title='bbox 1096 1111 1416 1166; x_wconf 75' lang='lat' dir='ltr'>psalmigraphi</span> <span class='ocrx_word' id='word_1_115' title='bbox 1455 1113 1712 1166; x_wconf 80' lang='lat' dir='ltr'>preconium</span> <span class='ocrx_word' id='word_1_116' title='bbox 1747 1114 1799 1155; x_wconf 88' lang='lat' dir='ltr'>de</span> <span class='ocrx_word' id='word_1_117' title='bbox 1832 1127 1878 1155; x_wconf 88' lang='lat' dir='ltr'>se</span> <span class='ocrx_word' id='word_1_118' title='bbox 1912 1114 2007 1168; x_wconf 92' lang='lat' dir='ltr'>ipso</span> 
     </span>
     <span class='ocr_line' id='line_1_15' title="bbox 233 1179 2004 1240; baseline -0.001 -15"><span class='ocrx_word' id='word_1_119' title='bbox 233 1182 442 1225; x_wconf 79' lang='lat' dir='ltr'>dicentis:</span> <span class='ocrx_word' id='word_1_120' title='bbox 487 1179 627 1237; x_wconf 79' lang='lat' dir='ltr'>Neque</span> <span class='ocrx_word' id='word_1_121' title='bbox 660 1181 874 1222; x_wconf 71' lang='lat' dir='ltr'>ambulavi</span> <span class='ocrx_word' id='word_1_122' title='bbox 902 1184 948 1223; x_wconf 77' lang='lat' dir='ltr'>in</span> <span class='ocrx_word' id='word_1_123' title='bbox 979 1183 1146 1238; x_wconf 64' lang='lat' dir='ltr'>‘magmis</span> <span class='ocrx_word' id='word_1_124' title='bbox 1182 1198 1309 1237; x_wconf 73' lang='lat' dir='ltr'>neque</span> <span class='ocrx_word' id='word_1_125' title='bbox 1349 1185 1393 1223; x_wconf 75' lang='lat' dir='ltr'>in</span> <span class='ocrx_word' id='word_1_126' title='bbox 1422 1183 1692 1224; x_wconf 69' lang='lat' dir='ltr'>mirabilibus</span> <span class='ocrx_word' id='word_1_127' title='bbox 1729 1198 1850 1239; x_wconf 73' lang='lat' dir='ltr'>Super</span> <span class='ocrx_word' id='word_1_128' title='bbox 1881 1199 1954 1225; x_wconf 80' lang='lat' dir='ltr'>me.</span> <span class='ocrx_word' id='word_1_129' title='bbox 1968 1183 2004 1240; x_wconf 87' lang='lat'>4)</span> 
     </span>
     <span class='ocr_line' id='line_1_16' title="bbox 233 1252 2009 1307; baseline -0.001 -11"><span class='ocrx_word' id='word_1_130' title='bbox 233 1254 322 1296; x_wconf 86' lang='lat' dir='ltr'>Sed</span> <span class='ocrx_word' id='word_1_131' title='bbox 355 1252 596 1295; x_wconf 87' lang='lat' dir='ltr'>iustissime</span> <span class='ocrx_word' id='word_1_132' title='bbox 629 1267 791 1307; x_wconf 84' lang='lat' dir='ltr'>arguor</span> <span class='ocrx_word' id='word_1_133' title='bbox 824 1254 879 1296; x_wconf 90' lang='lat' dir='ltr'>ab</span> <span class='ocrx_word' id='word_1_134' title='bbox 912 1254 987 1295; x_wconf 92' lang='lat' dir='ltr'>illo</span> <span class='ocrx_word' id='word_1_135' title='bbox 1020 1254 1165 1296; x_wconf 78' lang='lat' dir='ltr'>Flacci</span> <span class='ocrx_word' id='word_1_136' title='bbox 1200 1255 1397 1307; x_wconf 82' lang='lat' dir='ltr'>poetico:</span> <span class='ocrx_word' id='word_1_137' title='bbox 1433 1253 1588 1296; x_wconf 76' lang='lat' dir='ltr'>Sumite</span> <span class='ocrx_word' id='word_1_138' title='bbox 1620 1257 1835 1296; x_wconf 76' lang='lat' dir='ltr'>materiam</span> <span class='ocrx_word' id='word_1_139' title='bbox 1866 1257 2009 1296; x_wconf 62' lang='lat' dir='ltr'>vestris</span> 
     </span>
     <span class='ocr_line' id='line_1_17' title="bbox 165 1322 2011 1381; baseline 0 -14"><span class='ocrx_word' id='word_1_140' title='bbox 165 1325 216 1367; x_wconf 89' lang='lat'>15</span> <span class='ocrx_word' id='word_1_141' title='bbox 232 1339 376 1380; x_wconf 80' lang='lat' dir='ltr'>equam</span> <span class='ocrx_word' id='word_1_142' title='bbox 417 1323 638 1380; x_wconf 50' lang='lat' dir='ltr'>viribus&amp;</span> <span class='ocrx_word' id='word_1_143' title='bbox 704 1325 780 1367; x_wconf 88' lang='lat' dir='ltr'>Et:</span> <span class='ocrx_word' id='word_1_144' title='bbox 829 1322 997 1365; x_wconf 69' lang='lat' dir='ltr'>Versata</span> <span class='ocrx_word' id='word_1_145' title='bbox 1037 1324 1131 1375; x_wconf 77' lang='lat' dir='ltr'>diu,</span> <span class='ocrx_word' id='word_1_146' title='bbox 1174 1325 1276 1380; x_wconf 72' lang='lat' dir='ltr'>quid</span> <span class='ocrx_word' id='word_1_147' title='bbox 1306 1325 1428 1380; x_wconf 70' lang='lat' dir='ltr'>ferre</span> <span class='ocrx_word' id='word_1_148' title='bbox 1470 1333 1664 1377; x_wconf 73' lang='lat' dir='ltr'>recusent,</span> <span class='ocrx_word' id='word_1_149' title='bbox 1714 1326 1813 1381; x_wconf 77' lang='lat' dir='ltr'>quid</span> <span class='ocrx_word' id='word_1_150' title='bbox 1849 1327 2011 1367; x_wconf 76' lang='lat' dir='ltr'>valeant</span> 
     </span>
     <span class='ocr_line' id='line_1_18' title="bbox 232 1395 2007 1452; baseline 0.001 -16"><span class='ocrx_word' id='word_1_151' title='bbox 232 1395 450 1452; x_wconf 47' lang='lat' dir='ltr'>humeri&amp;</span> <span class='ocrx_word' id='word_1_152' title='bbox 516 1396 782 1449; x_wconf 81' lang='lat' dir='ltr'>Recogitans</span> <span class='ocrx_word' id='word_1_153' title='bbox 823 1398 974 1438; x_wconf 85' lang='lat' dir='ltr'>tamen</span> <span class='ocrx_word' id='word_1_154' title='bbox 1007 1396 1281 1439; x_wconf 85' lang='lat' dir='ltr'>maiestatem</span> <span class='ocrx_word' id='word_1_155' title='bbox 1322 1411 1402 1438; x_wconf 90' lang='lat' dir='ltr'>nos</span> <span class='ocrx_word' id='word_1_156' title='bbox 1435 1397 1672 1450; x_wconf 82' lang='lat' dir='ltr'>mittentis,</span> <span class='ocrx_word' id='word_1_157' title='bbox 1713 1397 1836 1439; x_wconf 91' lang='lat' dir='ltr'>cuius</span> <span class='ocrx_word' id='word_1_158' title='bbox 1868 1398 2007 1451; x_wconf 90' lang='lat' dir='ltr'>impe-</span> 
     </span>
     <span class='ocr_line' id='line_1_19' title="bbox 233 1468 2007 1522; baseline 0 -13"><span class='ocrx_word' id='word_1_159' title='bbox 233 1468 346 1510; x_wconf 87' lang='lat' dir='ltr'>rium</span> <span class='ocrx_word' id='word_1_160' title='bbox 381 1468 627 1522; x_wconf 79' lang='lat' dir='ltr'>parvitates</span> <span class='ocrx_word' id='word_1_161' title='bbox 670 1470 846 1510; x_wconf 85' lang='lat' dir='ltr'>nostras</span> <span class='ocrx_word' id='word_1_162' title='bbox 880 1468 1005 1509; x_wconf 90' lang='lat' dir='ltr'>decet</span> <span class='ocrx_word' id='word_1_163' title='bbox 1037 1468 1293 1510; x_wconf 89' lang='lat' dir='ltr'>nullatenus</span> <span class='ocrx_word' id='word_1_164' title='bbox 1328 1482 1554 1520; x_wconf 85' lang='lat' dir='ltr'>recusare,</span> <span class='ocrx_word' id='word_1_165' title='bbox 1596 1469 1742 1510; x_wconf 87' lang='lat' dir='ltr'>tacere</span> <span class='ocrx_word' id='word_1_166' title='bbox 1786 1481 1874 1510; x_wconf 91' lang='lat' dir='ltr'>non</span> <span class='ocrx_word' id='word_1_167' title='bbox 1906 1481 2007 1522; x_wconf 89' lang='lat' dir='ltr'>pos-</span> 
     </span>
     <span class='ocr_line' id='line_1_20' title="bbox 232 1539 2006 1594; baseline -0.001 -13"><span class='ocrx_word' id='word_1_168' title='bbox 232 1553 344 1592; x_wconf 85' lang='lat' dir='ltr'>sum,</span> <span class='ocrx_word' id='word_1_169' title='bbox 385 1553 485 1581; x_wconf 89' lang='lat' dir='ltr'>cum</span> <span class='ocrx_word' id='word_1_170' title='bbox 516 1540 731 1594; x_wconf 83' lang='lat' dir='ltr'>precipue</span> <span class='ocrx_word' id='word_1_171' title='bbox 772 1540 828 1581; x_wconf 90' lang='lat' dir='ltr'>ad</span> <span class='ocrx_word' id='word_1_172' title='bbox 861 1540 1134 1593; x_wconf 88' lang='lat' dir='ltr'>loquendum</span> <span class='ocrx_word' id='word_1_173' title='bbox 1166 1553 1236 1580; x_wconf 89' lang='lat' dir='ltr'>me</span> <span class='ocrx_word' id='word_1_174' title='bbox 1270 1539 1471 1593; x_wconf 88' lang='lat' dir='ltr'>impellat</span> <span class='ocrx_word' id='word_1_175' title='bbox 1512 1540 1777 1593; x_wconf 84' lang='lat' dir='ltr'>collegarum</span> <span class='ocrx_word' id='word_1_176' title='bbox 1810 1552 2006 1581; x_wconf 88' lang='lat' dir='ltr'>meorum</span> 
     </span>
     <span class='ocr_line' id='line_1_21' title="bbox 231 1609 2006 1667; baseline -0.001 -15"><span class='ocrx_word' id='word_1_177' title='bbox 231 1610 303 1653; x_wconf 90' lang='lat' dir='ltr'>hic</span> <span class='ocrx_word' id='word_1_178' title='bbox 335 1610 640 1653; x_wconf 86' lang='lat' dir='ltr'>assistentium</span> <span class='ocrx_word' id='word_1_179' title='bbox 663 1611 869 1653; x_wconf 87' lang='lat' dir='ltr'>voluntas</span> <span class='ocrx_word' id='word_1_180' title='bbox 883 1609 932 1667; x_wconf 70' lang='lat'>⁷),</span> <span class='ocrx_word' id='word_1_181' title='bbox 966 1624 1077 1665; x_wconf 88' lang='lat' dir='ltr'>quos</span> <span class='ocrx_word' id='word_1_182' title='bbox 1110 1624 1268 1664; x_wconf 86' lang='lat' dir='ltr'>precor</span> <span class='ocrx_word' id='word_1_183' title='bbox 1302 1611 1531 1664; x_wconf 85' lang='lat' dir='ltr'>diligentes</span> <span class='ocrx_word' id='word_1_184' title='bbox 1554 1612 1790 1652; x_wconf 85' lang='lat' dir='ltr'>verborum</span> <span class='ocrx_word' id='word_1_185' title='bbox 1813 1623 2006 1652; x_wconf 87' lang='lat' dir='ltr'>meorum</span> 
     </span>
     <span class='ocr_line' id='line_1_22' title="bbox 161 1681 2006 1738; baseline -0.002 -14"><span class='ocrx_word' id='word_1_186' title='bbox 161 1683 218 1724; x_wconf 68' lang='lat'>20</span> <span class='ocrx_word' id='word_1_187' title='bbox 233 1695 330 1724; x_wconf 89' lang='lat' dir='ltr'>esse</span> <span class='ocrx_word' id='word_1_188' title='bbox 364 1683 595 1735; x_wconf 84' lang='lat' dir='ltr'>custodes,</span> <span class='ocrx_word' id='word_1_189' title='bbox 638 1685 684 1725; x_wconf 90' lang='lat' dir='ltr'>ut</span> <span class='ocrx_word' id='word_1_190' title='bbox 717 1697 798 1738; x_wconf 92' lang='lat' dir='ltr'>pro</span> <span class='ocrx_word' id='word_1_191' title='bbox 833 1696 987 1725; x_wconf 91' lang='lat' dir='ltr'>eorum</span> <span class='ocrx_word' id='word_1_192' title='bbox 1029 1683 1288 1736; x_wconf 67' lang='lat' dir='ltr'>prudentia</span> <span class='ocrx_word' id='word_1_193' title='bbox 1330 1683 1406 1724; x_wconf 91' lang='lat' dir='ltr'>ubi</span> <span class='ocrx_word' id='word_1_194' title='bbox 1439 1695 1550 1736; x_wconf 89' lang='lat' dir='ltr'>opus</span> <span class='ocrx_word' id='word_1_195' title='bbox 1594 1682 1737 1729; x_wconf 74' lang='lat' dir='ltr'>fuerit,</span> <span class='ocrx_word' id='word_1_196' title='bbox 1772 1695 1868 1723; x_wconf 82' lang='lat' dir='ltr'>mea</span> <span class='ocrx_word' id='word_1_197' title='bbox 1900 1681 2006 1722; x_wconf 91' lang='lat' dir='ltr'>insi-</span> 
     </span>
     <span class='ocr_line' id='line_1_23' title="bbox 231 1752 2007 1809; baseline -0.002 -13"><span class='ocrx_word' id='word_1_198' title='bbox 231 1755 402 1809; x_wconf 84' lang='lat' dir='ltr'>pientia</span> <span class='ocrx_word' id='word_1_199' title='bbox 434 1755 693 1808; x_wconf 83' lang='lat' dir='ltr'>corrigatur.</span> <span class='ocrx_word' id='word_1_200' title='bbox 757 1755 831 1796; x_wconf 79' lang='lat' dir='ltr'>Sic</span> <span class='ocrx_word' id='word_1_201' title='bbox 864 1755 1030 1808; x_wconf 84' lang='lat' dir='ltr'>itaque,</span> <span class='ocrx_word' id='word_1_202' title='bbox 1063 1754 1318 1795; x_wconf 81' lang='lat' dir='ltr'>beatissime</span> <span class='ocrx_word' id='word_1_203' title='bbox 1351 1755 1498 1807; x_wconf 88' lang='lat' dir='ltr'>pater,</span> <span class='ocrx_word' id='word_1_204' title='bbox 1536 1767 1590 1794; x_wconf 90' lang='lat' dir='ltr'>ne</span> <span class='ocrx_word' id='word_1_205' title='bbox 1624 1753 1763 1806; x_wconf 82' lang='lat' dir='ltr'>longis</span> <span class='ocrx_word' id='word_1_206' title='bbox 1795 1752 2007 1805; x_wconf 81' lang='lat' dir='ltr'>prefatio-</span> 
     </span>
     <span class='ocr_line' id='line_1_24' title="bbox 232 1823 2006 1879; baseline -0.002 -12"><span class='ocrx_word' id='word_1_207' title='bbox 232 1825 363 1868; x_wconf 86' lang='lat' dir='ltr'>nibus</span> <span class='ocrx_word' id='word_1_208' title='bbox 401 1825 688 1869; x_wconf 87' lang='lat' dir='ltr'>immoremur</span> <span class='ocrx_word' id='word_1_209' title='bbox 729 1827 772 1868; x_wconf 83' lang='lat' dir='ltr'>et</span> <span class='ocrx_word' id='word_1_210' title='bbox 810 1825 1039 1868; x_wconf 90' lang='lat' dir='ltr'>altissimis</span> <span class='ocrx_word' id='word_1_211' title='bbox 1078 1825 1237 1867; x_wconf 80' lang='lat' dir='ltr'>vestris</span> <span class='ocrx_word' id='word_1_212' title='bbox 1279 1824 1644 1879; x_wconf 85' lang='lat' dir='ltr'>occupationibus</span> <span class='ocrx_word' id='word_1_213' title='bbox 1688 1823 1846 1865; x_wconf 83' lang='lat' dir='ltr'>dehinc</span> <span class='ocrx_word' id='word_1_214' title='bbox 1888 1823 2006 1864; x_wconf 86' lang='lat' dir='ltr'>tedio</span> 
     </span>
     <span class='ocr_line' id='line_1_25' title="bbox 232 1894 2002 1950; baseline -0.003 -10"><span class='ocrx_word' id='word_1_215' title='bbox 232 1896 506 1950; x_wconf 81' lang='lat' dir='ltr'>advenirem,</span> <span class='ocrx_word' id='word_1_216' title='bbox 555 1897 788 1939; x_wconf 85' lang='lat' dir='ltr'>salvatoris</span> <span class='ocrx_word' id='word_1_217' title='bbox 836 1898 975 1940; x_wconf 85' lang='lat' dir='ltr'>nostri</span> <span class='ocrx_word' id='word_1_218' title='bbox 1024 1896 1230 1938; x_wconf 87' lang='lat' dir='ltr'>invocato</span> <span class='ocrx_word' id='word_1_219' title='bbox 1279 1895 1457 1937; x_wconf 89' lang='lat' dir='ltr'>nomine</span> <span class='ocrx_word' id='word_1_220' title='bbox 1514 1898 1557 1936; x_wconf 86' lang='lat' dir='ltr'>et</span> <span class='ocrx_word' id='word_1_221' title='bbox 1610 1896 1664 1936; x_wconf 86' lang='lat' dir='ltr'>de</span> <span class='ocrx_word' id='word_1_222' title='bbox 1717 1894 2002 1936; x_wconf 87' lang='lat' dir='ltr'>humanitatis</span> 
     </span>
     <span class='ocr_line' id='line_1_26' title="bbox 231 1963 2005 2023; baseline -0.003 -13"><span class='ocrx_word' id='word_1_223' title='bbox 231 1968 598 2023; x_wconf 83' lang='lat' dir='ltr'>indulgentieque</span> <span class='ocrx_word' id='word_1_224' title='bbox 651 1970 797 2011; x_wconf 86' lang='lat' dir='ltr'>vestre</span> <span class='ocrx_word' id='word_1_225' title='bbox 845 1968 1073 2010; x_wconf 81' lang='lat' dir='ltr'>confidens</span> <span class='ocrx_word' id='word_1_226' title='bbox 1122 1968 1358 2009; x_wconf 85' lang='lat' dir='ltr'>clementia</span> <span class='ocrx_word' id='word_1_227' title='bbox 1409 1963 1550 2008; x_wconf 86' lang='lat' dir='ltr'>venio</span> <span class='ocrx_word' id='word_1_228' title='bbox 1592 1967 1647 2007; x_wconf 88' lang='lat' dir='ltr'>ad</span> <span class='ocrx_word' id='word_1_229' title='bbox 1699 1965 2005 2019; x_wconf 84' lang='lat' dir='ltr'>exponendum</span> 
     </span>
     <span class='ocr_line' id='line_1_27' title="bbox 160 2035 2006 2094; baseline -0.002 -14"><span class='ocrx_word' id='word_1_230' title='bbox 160 2039 215 2080; x_wconf 79' lang='lat'>25</span> <span class='ocrx_word' id='word_1_231' title='bbox 230 2039 426 2082; x_wconf 87' lang='lat' dir='ltr'>breviter</span> <span class='ocrx_word' id='word_1_232' title='bbox 458 2040 576 2094; x_wconf 84' lang='lat' dir='ltr'>regia</span> <span class='ocrx_word' id='word_1_233' title='bbox 609 2041 839 2092; x_wconf 89' lang='lat' dir='ltr'>mandata,</span> <span class='ocrx_word' id='word_1_234' title='bbox 880 2054 966 2094; x_wconf 91' lang='lat' dir='ltr'>que</span> <span class='ocrx_word' id='word_1_235' title='bbox 1000 2039 1084 2081; x_wconf 87' lang='lat' dir='ltr'>tria</span> <span class='ocrx_word' id='word_1_236' title='bbox 1131 2038 1435 2092; x_wconf 86' lang='lat' dir='ltr'>principaliter</span> <span class='ocrx_word' id='word_1_237' title='bbox 1477 2037 1704 2079; x_wconf 86' lang='lat' dir='ltr'>continent</span> <span class='ocrx_word' id='word_1_238' title='bbox 1744 2037 1789 2078; x_wconf 87' lang='lat' dir='ltr'>in</span> <span class='ocrx_word' id='word_1_239' title='bbox 1833 2035 2006 2087; x_wconf 81' lang='lat' dir='ltr'>effectu,</span> 
     </span>
     <span class='ocr_line' id='line_1_28' title="bbox 230 2107 2007 2163; baseline -0.004 -10"><span class='ocrx_word' id='word_1_240' title='bbox 230 2108 438 2153; x_wconf 84' lang='lat' dir='ltr'>videlicet</span> <span class='ocrx_word' id='word_1_241' title='bbox 471 2111 668 2154; x_wconf 90' lang='lat' dir='ltr'>debitam</span> <span class='ocrx_word' id='word_1_242' title='bbox 691 2113 734 2153; x_wconf 79' lang='lat' dir='ltr'>et</span> <span class='ocrx_word' id='word_1_243' title='bbox 758 2112 962 2154; x_wconf 90' lang='lat' dir='ltr'>devotam</span> <span class='ocrx_word' id='word_1_244' title='bbox 989 2111 1298 2161; x_wconf 85' lang='lat' dir='ltr'>reverentiam,</span> <span class='ocrx_word' id='word_1_245' title='bbox 1334 2110 1555 2163; x_wconf 78' lang='lat' dir='ltr'>ingentem</span> <span class='ocrx_word' id='word_1_246' title='bbox 1589 2121 1765 2161; x_wconf 84' lang='lat' dir='ltr'>quoquc</span> <span class='ocrx_word' id='word_1_247' title='bbox 1796 2121 1845 2148; x_wconf 86' lang='lat' dir='ltr'>ac</span> <span class='ocrx_word' id='word_1_248' title='bbox 1876 2107 2007 2148; x_wconf 89' lang='lat' dir='ltr'>letam</span> 
     </span>
     <span class='ocr_line' id='line_1_29' title="bbox 231 2178 2006 2238; baseline -0.003 -14"><span class='ocrx_word' id='word_1_249' title='bbox 231 2183 663 2237; x_wconf 86' lang='lat' dir='ltr'>congratulationem</span> <span class='ocrx_word' id='word_1_250' title='bbox 696 2182 1013 2238; x_wconf 89' lang='lat' dir='ltr'>assumptionis</span> <span class='ocrx_word' id='word_1_251' title='bbox 1046 2184 1192 2224; x_wconf 83' lang='lat' dir='ltr'>vestre</span> <span class='ocrx_word' id='word_1_252' title='bbox 1232 2182 1286 2222; x_wconf 88' lang='lat' dir='ltr'>ad</span> <span class='ocrx_word' id='word_1_253' title='bbox 1320 2179 1480 2222; x_wconf 86' lang='lat' dir='ltr'>summi</span> <span class='ocrx_word' id='word_1_254' title='bbox 1513 2179 1788 2232; x_wconf 88' lang='lat' dir='ltr'>apostolatus</span> <span class='ocrx_word' id='word_1_255' title='bbox 1821 2178 2006 2231; x_wconf 84' lang='lat' dir='ltr'>apicem,</span> 
     </span>
     <span class='ocr_line' id='line_1_30' title="bbox 231 2249 2007 2308; baseline -0.004 -12"><span class='ocrx_word' id='word_1_256' title='bbox 231 2254 280 2296; x_wconf 88' lang='lat' dir='ltr'>ut</span> <span class='ocrx_word' id='word_1_257' title='bbox 310 2255 511 2308; x_wconf 85' lang='lat' dir='ltr'>profecto</span> <span class='ocrx_word' id='word_1_258' title='bbox 546 2255 668 2296; x_wconf 86' lang='lat' dir='ltr'>nulla</span> <span class='ocrx_word' id='word_1_259' title='bbox 700 2255 746 2296; x_wconf 91' lang='lat' dir='ltr'>in</span> <span class='ocrx_word' id='word_1_260' title='bbox 770 2268 830 2306; x_wconf 87' lang='lat' dir='ltr'>re,</span> <span class='ocrx_word' id='word_1_261' title='bbox 864 2254 994 2295; x_wconf 89' lang='lat' dir='ltr'>sicuti</span> <span class='ocrx_word' id='word_1_262' title='bbox 1029 2253 1156 2295; x_wconf 88' lang='lat' dir='ltr'>nobis</span> <span class='ocrx_word' id='word_1_263' title='bbox 1189 2252 1356 2293; x_wconf 88' lang='lat' dir='ltr'>iussum</span> <span class='ocrx_word' id='word_1_264' title='bbox 1391 2251 1535 2292; x_wconf 84' lang='lat' dir='ltr'>extitit</span> <span class='ocrx_word' id='word_1_265' title='bbox 1560 2251 1719 2301; x_wconf 85' lang='lat' dir='ltr'>dicere,</span> <span class='ocrx_word' id='word_1_266' title='bbox 1754 2249 2007 2302; x_wconf 44' lang='lat' dir='ltr'>umquam&amp;</span> 
     </span>
     <span class='ocr_line' id='line_1_31' title="bbox 231 2322 2005 2379; baseline -0.005 -11"><span class='ocrx_word' id='word_1_267' title='bbox 231 2325 390 2379; x_wconf 83' lang='lat' dir='ltr'>regalis</span> <span class='ocrx_word' id='word_1_268' title='bbox 423 2325 557 2367; x_wconf 88' lang='lat' dir='ltr'>fuerit</span> <span class='ocrx_word' id='word_1_269' title='bbox 589 2326 807 2367; x_wconf 86' lang='lat' dir='ltr'>celsitudo</span> <span class='ocrx_word' id='word_1_270' title='bbox 854 2325 1009 2366; x_wconf 90' lang='lat' dir='ltr'>maiori</span> <span class='ocrx_word' id='word_1_271' title='bbox 1042 2322 1251 2378; x_wconf 80' lang='lat' dir='ltr'>gaudio¹¹)</span> <span class='ocrx_word' id='word_1_272' title='bbox 1287 2323 1502 2374; x_wconf 81' lang='lat' dir='ltr'>delibuta,</span> <span class='ocrx_word' id='word_1_273' title='bbox 1547 2334 1731 2375; x_wconf 84' lang='lat' dir='ltr'>sperans</span> <span class='ocrx_word' id='word_1_274' title='bbox 1770 2322 1812 2362; x_wconf 85' lang='lat' dir='ltr'>et</span> <span class='ocrx_word' id='word_1_275' title='bbox 1853 2332 2005 2373; x_wconf 87' lang='lat' dir='ltr'>expec-</span> 
     </span>
    </p>

    <p class='ocr_par' dir='ltr' id='par_1_7' title="bbox 0 2391 2007 2493">
     <span class='ocr_line' id='line_1_32' title="bbox 0 2391 2007 2493; baseline -0.004 -55"><span class='ocrx_word' id='word_1_276' title='bbox 0 2411 14 2493; x_wconf 50' lang='lat' dir='ltr'><strong>t</strong></span> <span class='ocrx_word' id='word_1_277' title='bbox 159 2396 216 2438; x_wconf 88' lang='lat'>30</span> <span class='ocrx_word' id='word_1_278' title='bbox 229 2397 329 2439; x_wconf 87' lang='lat' dir='ltr'>tans</span> <span class='ocrx_word' id='word_1_279' title='bbox 352 2396 597 2451; x_wconf 38' lang='lat' dir='ltr'>,probitatis</span> <span class='ocrx_word' id='word_1_280' title='bbox 631 2410 681 2439; x_wconf 88' lang='lat' dir='ltr'>ac</span> <span class='ocrx_word' id='word_1_281' title='bbox 712 2397 952 2451; x_wconf 90' lang='lat' dir='ltr'>prudentie</span> <span class='ocrx_word' id='word_1_282' title='bbox 974 2397 1123 2437; x_wconf 87' lang='lat' dir='ltr'>vestre</span> <span class='ocrx_word' id='word_1_283' title='bbox 1156 2396 1291 2437; x_wconf 90' lang='lat' dir='ltr'>ductu</span> <span class='ocrx_word' id='word_1_284' title='bbox 1316 2394 1664 2447; x_wconf 88' lang='lat' dir='ltr'>omnipotentem</span> <span class='ocrx_word' id='word_1_285' title='bbox 1697 2391 2007 2445; x_wconf 85' lang='lat' dir='ltr'>impositurum</span> 
     </span>
    </p>
   </div>
   <div class='ocr_carea' id='block_1_6' title="bbox 0 2573 2009 3094">
    <p class='ocr_par' dir='ltr' id='par_1_8' title="bbox 0 2573 2009 3094">
     <span class='ocr_line' id='line_1_33' title="bbox 0 2573 891 2614; baseline -0.003 -12"><span class='ocrx_word' id='word_1_286' title='bbox 0 2579 7 2614; x_wconf 65' lang='lat' dir='ltr'>f</span> <span class='ocrx_word' id='word_1_287' title='bbox 348 2574 378 2607; x_wconf 84' lang='lat' dir='ltr'>a)</span> <span class='ocrx_word' id='word_1_288' title='bbox 399 2581 553 2609; x_wconf 85' lang='lat' dir='ltr'>omquam</span> <span class='ocrx_word' id='word_1_289' title='bbox 574 2575 611 2601; x_wconf 93' lang='lat' dir='ltr'>B.</span> <span class='ocrx_word' id='word_1_290' title='bbox 649 2574 683 2607; x_wconf 94' lang='lat' dir='ltr'>b)</span> <span class='ocrx_word' id='word_1_291' title='bbox 704 2573 833 2608; x_wconf 83' lang='lat' dir='ltr'>gaudeo</span> <span class='ocrx_word' id='word_1_292' title='bbox 855 2574 891 2600; x_wconf 91' lang='grc' dir='ltr'>Β.</span> 
     </span>
     <span class='ocr_line' id='line_1_34' title="bbox 352 2625 2009 2678; baseline -0.007 -10"><span class='ocrx_word' id='word_1_293' title='bbox 352 2635 378 2678; x_wconf 87' lang='lat'>¹)</span> <span class='ocrx_word' id='word_1_294' title='bbox 405 2633 466 2668; x_wconf 87' lang='lat' dir='ltr'>Da</span> <span class='ocrx_word' id='word_1_295' title='bbox 497 2634 562 2668; x_wconf 76' lang='lat' dir='ltr'>der</span> <span class='ocrx_word' id='word_1_296' title='bbox 589 2634 718 2668; x_wconf 79' lang='lat' dir='ltr'>Druck</span> <span class='ocrx_word' id='word_1_297' title='bbox 749 2634 875 2668; x_wconf 71' lang='lat' dir='ltr'>leb’clzst</span> <span class='ocrx_word' id='word_1_298' title='bbox 905 2632 1194 2667; x_wconf 71' lang='lat' dir='ltr'>walersclzcinlc&#39;cle</span> <span class='ocrx_word' id='word_1_299' title='bbox 1229 2643 1292 2665; x_wconf 61' lang='lat' dir='ltr'>aas</span> <span class='ocrx_word' id='word_1_300' title='bbox 1319 2629 1503 2665; x_wconf 61' lang='lat' dir='ltr'>dersclben</span> <span class='ocrx_word' id='word_1_301' title='bbox 1529 2628 1647 2669; x_wconf 73' lang='lat' dir='ltr'>Qucllc</span> <span class='ocrx_word' id='word_1_302' title='bbox 1681 2631 1825 2669; x_wconf 74' lang='lat' dir='ltr'>stammt,</span> <span class='ocrx_word' id='word_1_303' title='bbox 1858 2637 1896 2659; x_wconf 83' lang='lat'>80</span> <span class='ocrx_word' id='word_1_304' title='bbox 1930 2625 2009 2658; x_wconf 78' lang='lat' dir='ltr'>sind</span> 
     </span>
     <span class='ocr_line' id='line_1_35' title="bbox 229 2691 1140 2739; baseline -0.002 -12"><span class='ocrx_word' id='word_1_305' title='bbox 229 2704 296 2727; x_wconf 82' lang='lat' dir='ltr'>nur</span> <span class='ocrx_word' id='word_1_306' title='bbox 322 2693 377 2727; x_wconf 82' lang='lat' dir='ltr'>die</span> <span class='ocrx_word' id='word_1_307' title='bbox 403 2693 590 2739; x_wconf 73' lang='lat' dir='ltr'>wicktz&#39;yea</span> <span class='ocrx_word' id='word_1_308' title='bbox 614 2692 901 2738; x_wconf 73' lang='lat' dir='ltr'>Abweichunye&#39;n</span> <span class='ocrx_word' id='word_1_309' title='bbox 926 2691 1140 2738; x_wconf 67' lang='lat' dir='ltr'>anycgychen.</span> 
     </span>
     <span class='ocr_line' id='line_1_36' title="bbox 350 2751 687 2797; baseline 0.003 -11"><span class='ocrx_word' id='word_1_310' title='bbox 350 2752 378 2797; x_wconf 71' lang='lat'>2)</span> <span class='ocrx_word' id='word_1_311' title='bbox 402 2752 521 2787; x_wconf 72' lang='lat' dir='ltr'>Psalm</span> <span class='ocrx_word' id='word_1_312' title='bbox 545 2751 604 2795; x_wconf 81' lang='lat'>21,</span> <span class='ocrx_word' id='word_1_313' title='bbox 631 2753 687 2787; x_wconf 86' lang='lat'>15.</span> 
     </span>
     <span class='ocr_line' id='line_1_37' title="bbox 160 2811 647 2856; baseline -0.002 -9"><span class='ocrx_word' id='word_1_314' title='bbox 160 2811 213 2853; x_wconf 87' lang='lat'>35</span> <span class='ocrx_word' id='word_1_315' title='bbox 350 2812 378 2856; x_wconf 78' lang='lat'>³)</span> <span class='ocrx_word' id='word_1_316' title='bbox 403 2811 504 2849; x_wconf 83' lang='lat' dir='ltr'>Eccl.</span> <span class='ocrx_word' id='word_1_317' title='bbox 530 2811 565 2856; x_wconf 85' lang='lat'>3,</span> <span class='ocrx_word' id='word_1_318' title='bbox 589 2811 647 2846; x_wconf 88' lang='grc'>22.</span> 
     </span>
     <span class='ocr_line' id='line_1_38' title="bbox 349 2870 687 2916; baseline 0 -11"><span class='ocrx_word' id='word_1_319' title='bbox 349 2871 378 2916; x_wconf 79' lang='lat'>⁴)</span> <span class='ocrx_word' id='word_1_320' title='bbox 402 2870 523 2906; x_wconf 80' lang='lat' dir='ltr'>Psalm</span> <span class='ocrx_word' id='word_1_321' title='bbox 549 2870 629 2915; x_wconf 86' lang='lat'>130,</span> <span class='ocrx_word' id='word_1_322' title='bbox 656 2870 687 2905; x_wconf 91' lang='lat'>1.</span> 
     </span>
     <span class='ocr_line' id='line_1_39' title="bbox 349 2929 897 2977; baseline -0.002 -13"><span class='ocrx_word' id='word_1_323' title='bbox 349 2930 378 2974; x_wconf 80' lang='lat'>⁵)</span> <span class='ocrx_word' id='word_1_324' title='bbox 403 2929 550 2965; x_wconf 79' lang='lat' dir='ltr'>Horatii</span> <span class='ocrx_word' id='word_1_325' title='bbox 572 2929 646 2965; x_wconf 80' lang='lat' dir='ltr'>Ars</span> <span class='ocrx_word' id='word_1_326' title='bbox 668 2931 814 2977; x_wconf 52' lang='lat' dir='ltr'>poetica</span> <span class='ocrx_word' id='word_1_327' title='bbox 838 2929 897 2964; x_wconf 74' lang='lat'>38.</span> 
     </span>
     <span class='ocr_line' id='line_1_40' title="bbox 351 2989 568 3033; baseline 0.005 -10"><span class='ocrx_word' id='word_1_328' title='bbox 351 2990 379 3033; x_wconf 82' lang='lat'>⁰)</span> <span class='ocrx_word' id='word_1_329' title='bbox 405 2990 426 3023; x_wconf 83' lang='lat' dir='ltr'>l.</span> <span class='ocrx_word' id='word_1_330' title='bbox 454 3002 484 3024; x_wconf 87' lang='lat' dir='ltr'>c.</span> <span class='ocrx_word' id='word_1_331' title='bbox 510 2989 568 3024; x_wconf 82' lang='lat'>39.</span> 
     </span>
     <span class='ocr_line' id='line_1_41' title="bbox 353 3034 1951 3094; baseline -0.01 -10"><span class='ocrx_word' id='word_1_332' title='bbox 353 3049 379 3092; x_wconf 88' lang='lat'>⁷)</span> <span class='ocrx_word' id='word_1_333' title='bbox 403 3049 496 3083; x_wconf 81' lang='lat' dir='ltr'>Jean</span> <span class='ocrx_word' id='word_1_334' title='bbox 520 3049 562 3084; x_wconf 87' lang='lat' dir='ltr'>de</span> <span class='ocrx_word' id='word_1_335' title='bbox 588 3048 785 3084; x_wconf 81' lang='lat' dir='ltr'>Montreuil</span> <span class='ocrx_word' id='word_1_336' title='bbox 806 3049 856 3082; x_wconf 69' lang='lat' dir='ltr'>ist</span> <span class='ocrx_word' id='word_1_337' title='bbox 879 3048 955 3082; x_wconf 80' lang='lat' dir='ltr'>also</span> <span class='ocrx_word' id='word_1_338' title='bbox 980 3047 1045 3081; x_wconf 80' lang='lat' dir='ltr'>der</span> <span class='ocrx_word' id='word_1_339' title='bbox 1072 3044 1253 3094; x_wconf 72' lang='lat' dir='ltr'>Sprecleer</span> <span class='ocrx_word' id='word_1_340' title='bbox 1277 3043 1340 3076; x_wconf 81' lang='lat' dir='ltr'>der</span> <span class='ocrx_word' id='word_1_341' title='bbox 1362 3038 1635 3084; x_wconf 65' lang='lat' dir='ltr'>franzb&#39;sisehen</span> <span class='ocrx_word' id='word_1_342' title='bbox 1666 3034 1951 3078; x_wconf 71' lang='lat' dir='ltr'>Gesandtschaft.</span> 
     </span>
    </p>
   </div>
   <div class='ocr_carea' id='block_1_7' title="bbox 0 2618 74 3432">
    <p class='ocr_par' dir='ltr' id='par_1_9' title="bbox 0 2618 74 3432">
     <span class='ocr_line' id='line_1_42' title="bbox 0 2618 74 3432; baseline 0 0"><span class='ocrx_word' id='word_1_343' title='bbox 0 2618 74 3432; x_wconf 95' lang='lat' dir='ltr'> </span> 
     </span>
    </p>
   </div>
  </div>
 </body>
</html>
