2216 3432
448 138 492 175 A.
533 140 678 175 Johann
702 142 839 181 XXIII.
864 146 939 180 und
964 147 1020 182 die
1045 149 1350 198 Vorbereitungen
1374 166 1451 190 zum
1477 157 1614 196 Konzil.
1657 161 1716 198 Nr.
1741 163 1797 199 44.
1926 157 2006 199 241

246 247 452 290 ubertate
481 247 740 301 fecundans,
775 253 820 293 et
841 254 1021 297 tandem
1043 258 1187 300 vestre
1211 259 1539 306 deliberationis
1563 269 1862 321 responsivam
1884 273 2010 315 nobis

247 319 441 375 desuper
474 318 724 373 significare
758 324 840 365 etc.

244 472 324 518 44,
377 473 531 530 (Ko'm'y
567 472 814 530 Siyz'smund
850 492 904 518 an
943 477 1080 535 Ko‘m'q
1112 481 1221 523 Karl
1259 482 1327 527 VI.
1371 501 1446 527 von
1482 486 1755 546 Frankrez'cli)
1797 494 1897 535 iiber
1937 497 2013 537 (las

557 545 709 587 Konzil
739 548 827 588 und
856 548 933 590 den
965 549 1044 591 Ort
1074 552 1293 595 desselben.
1358 556 1490 611 (1413
1522 559 1710 615 Aufsust.)

204 625 230 669 5
319 628 350 661 B
375 640 439 663 aas
469 627 552 662 Coei.
580 627 766 664 Palatinus
796 629 862 664 701
880 631 951 676 fol.
978 633 1048 667 329
1059 645 1078 667 v
1106 646 1134 670 a.
1160 636 1224 669 der
1255 636 1366 671 Vatik.
1395 638 1600 675 Bibliothelc.

367 724 658 766 Serenissime
692 718 916 780 princeps,
961 729 1100 771 frater
1131 731 1372 774 carissime.
1435 735 1585 778 Exacti
1618 739 1826 792 temporis
1865 744 2014 785 catho-

246 796 352 839 licos
386 810 510 850 reges
544 798 587 838 et
618 797 859 852 principes,
894 813 1084 853 quorum
1117 805 1238 856 gesta
1270 805 1499 858 magnifica
1522 807 1637 850 fama
1660 810 1889 854 laudabilis
1912 814 2015 855 clari

0 896 8 927 ἱ
246 867 582 910 continuatione
623 869 823 922 preconii
872 872 998 924 quasi
1039 874 1223 915 traduce
1266 877 1456 929 quadam
1499 881 1738 933 propagine
1783 884 2014 926 comitatur

245 939 292 980 in
325 942 527 993 posteros
568 939 726 982 exinde
765 942 820 982 ad
861 942 1019 985 similia
1061 946 1328 999 exemplaria
1369 949 1568 991 doctrine
1601 953 1849 1005 magisterio
1882 955 2015 996 infor-

178 1008 445 1062 10mandos,
495 1025 549 1052 ex
590 1024 641 1053 eo
684 1012 937 1065 specialiter
982 1015 1115 1057 velud
1155 1018 1533 1069 preeminentibus
1578 1023 1729 1075 tytulis
1773 1025 2013 1078 antiquitas

0 1103 29 1138 t,
245 1081 389 1124 fidelis
432 1082 660 1136 intytulat,
705 1085 825 1137 quod
866 1084 999 1127 iidem
1039 1088 1094 1128 ad
1127 1088 1270 1130 Deum
1308 1092 1352 1131 et
1385 1091 1589 1133 ecclesias
1623 1094 1881 1136 rectitudine
1913 1096 2012 1138 fidei

0 1138 10 1194 i
246 1155 291 1195 et
325 1153 573 1195 devotionis
618 1154 871 1208 integritate
912 1156 1135 1199 ferventes
1167 1159 1285 1213 ipsas
1318 1174 1542 1214 personas,
1582 1165 1870 1208 ecclesiastica
1902 1167 2016 1209 bona

0 1210 5 1290 Ζ
246 1229 289 1266 et
322 1225 553 1268 libertates
587 1240 738 1268 earum
774 1241 853 1269 sue
885 1229 1085 1281 potentie
1119 1231 1275 1285 clupeo
1308 1234 1594 1285 protexerunt
1627 1238 1670 1276 et
1711 1235 2014 1279 nichilominus

246 1296 294 1338 in
336 1296 427 1338 suis
472 1297 788 1340 munificentiis
832 1312 935 1353 erga
981 1299 1078 1342 illas
1121 1302 1461 1344 immensitatem
1506 1305 1644 1346 solam
1692 1320 1770 1359 pro
1811 1322 2016 1351 mensura

178 1366 230 1408 15
247 1370 465 1421 ponentes
488 1382 563 1411 eas
586 1369 738 1411 multis
763 1370 1044 1413 libertatibus
1064 1374 1107 1413 et
1128 1373 1352 1415 immensis
1377 1375 1714 1418 liberalitatibus
1738 1379 2014 1432 ampliarunt.

248 1439 451 1482 Profecto
482 1440 616 1483 tanto
644 1442 809 1483 debent
841 1442 1140 1496 predictorum
1174 1446 1372 1499 exempla
1405 1446 1626 1488 efficacius
1660 1462 1738 1489 nos
1771 1451 1813 1490 et
1845 1451 2014 1491 ceteros

246 1524 370 1565 reges
404 1513 449 1554 et
481 1512 708 1567 principes
742 1514 981 1556 catholicos
1015 1514 1243 1567 interesse,
1278 1520 1444 1570 quanto
1479 1519 1530 1559 de
1563 1520 1723 1561 nostris
1753 1522 1795 1561 et
1817 1520 2013 1574 ipsorum

247 1582 477 1636 potissime
510 1584 864 1638 progenitoribus
898 1586 1061 1627 inclitis
1086 1587 1328 1642 derivataa)
1350 1589 1532 1642 propius
1557 1588 1721 1644 ipsosb)
1744 1591 2014 1645 contingunt,

246 1667 393 1707 ymmo
417 1654 479 1696 sic
511 1654 556 1695 in
590 1655 719 1697 nobis
753 1658 796 1697 et
827 1656 934 1710 ipsis
969 1658 1124 1698 horum
1149 1659 1545 1714 prosecutionemC)
1579 1660 1769 1713 exigunt,
1803 1663 1848 1702 ut
1873 1665 2013 1704 status

175 1723 292 1766 acet
323 1725 486 1767 iurium
527 1727 930 1769 ecclesiasticorum
975 1728 1170 1770 defensio
1210 1744 1234 1771 a
1273 1730 1398 1771 nobis
1442 1731 1567 1784 quasi
1611 1731 1807 1773 debitum
1841 1733 2012 1774 heredi-

245 1796 407 1838 tarium
440 1797 653 1851 exigatur,
686 1799 742 1840 ad
775 1800 894 1852 quod
929 1831 971 1840 ..
998 1831 1006 1840 .
1040 1813 1092 1841 ex
1126 1803 1352 1854 assumpto
1386 1801 1685 1843 Romanorum
1720 1802 1836 1855 regio
1869 1803 2011 1845 officio

245 1867 558 1911 nichilominus
592 1870 848 1924 obligamur.
905 1871 1024 1912 Inter
1057 1885 1183 1912 curas
1217 1885 1407 1925 namque
1436 1872 1701 1925 multiplices
1725 1876 1768 1915 et
1791 1874 2010 1915 inmensas

245 1939 577 1993 sollicitudines,
621 1941 783 1995 quibus
827 1942 1003 1984 assidue
1044 1942 1330 1984 distrahimur
1371 1956 1506 1997 supra
1543 1944 1671 1993 vires,
1710 1957 1789 1997 pro
1823 1958 2012 1997 congrua

245 2011 398 2053 debita
439 2012 743 2054 celebracione
787 2013 902 2055 sacri
941 2013 1111 2055 concilii
1157 2027 1206 2055 ac
1249 2014 1332 2055 loci
1375 2016 1417 2055 et
1461 2015 1673 2068 temporis
1720 2014 2011 2067 assignatione

173 2080 227 2122 25
243 2083 522 2136 propensiori
581 2085 872 2126 meditatione
930 2098 1242 2139 perurgemur,
1303 2086 1359 2127 ad
1413 2086 1494 2126 hec
1552 2089 1700 2126 nostre
1752 2085 2010 2127 intentionis

243 2154 384 2195 aciem
417 2155 616 2197 totaliter
650 2156 905 2208 dirigentes,
951 2158 1000 2197 ut
1033 2157 1257 2209 negotium
1289 2155 1432 2210 ipsum
1465 2156 1517 2197 de
1562 2155 1735 2197 licentia
1772 2157 2011 2209 apostolica

244 2227 286 2266 et
318 2227 562 2268 annuentia
600 2227 792 2280 benigna
832 2228 1089 2269 nostrorum
1128 2230 1171 2268 et
1209 2229 1449 2268 ceterorum
1494 2239 1641 2279 regum
1686 2229 1727 2267 et
1763 2227 2011 2280 principum

243 2297 564 2340 catholicorum
607 2298 822 2340 directum
871 2299 1031 2350 studio,
1082 2299 1171 2340 Deo
1212 2298 1418 2351 propitio,
1467 2297 1721 2338 celeriorem
1762 2299 1806 2338 ct
1835 2297 2009 2338 finalem

241 2367 459 2423 reciperet
495 2369 857 2423 expeditionem,
910 2372 959 2412 ut
973 2368 1010 2426 ⁰)
1058 2370 1272 2411 instemus
1325 2369 1474 2410 multis
1526 2369 1731 2421 precibus
1783 2370 1826 2409 et
1878 2369 2008 2409 verbo

172 2436 229 2478 30
243 2440 286 2481 et
317 2452 398 2493 per
430 2440 610 2482 nuntios
657 2443 701 2483 et
733 2441 892 2483 litteris
927 2442 1010 2483 loci
1046 2440 1394 2494 designationem
1439 2453 1517 2481 sua
1549 2439 1760 2480 sanctitas
1803 2438 2008 2489 differret,

243 2510 383 2552 donec
416 2513 518 2553 vota
549 2524 704 2565 regum
737 2515 783 2554 et
815 2512 1069 2566 principum
1101 2512 1432 2565 inquirerentur
1465 2512 1509 2551 et
1532 2512 1839 2552 concurrerent
1863 2510 2008 2562 singu-

243 2581 400 2632 lorum,
440 2582 487 2623 in
526 2582 609 2624 hoc
649 2582 782 2625 etiam
823 2583 1085 2625 comunibus
1118 2582 1387 2625 utilitatibus
1420 2581 1713 2631 consulentes,
1758 2582 1805 2621 ut
1837 2579 2008 2621 comuni

242 2651 376 2694 etiam
407 2654 511 2695 voto
545 2653 601 2694 ad
634 2654 898 2696 relevandas
921 2654 1106 2696 ecclesie
1128 2666 1360 2708 pressuras
1383 2665 1462 2705 per
1484 2653 1564 2693 hec
1587 2650 1807 2692 efficacius
1831 2651 2007 2691 eosdem

239 2722 479 2765 invitemus
528 2726 571 2766 et
608 2725 663 2766 ad
704 2725 975 2768 soliditatem
1023 2726 1167 2767 status
1214 2722 1385 2778 pacifici
1428 2724 1576 2764 sancte
1615 2721 1766 2762 matris
1813 2720 2005 2771 ecclesie,

170 2791 226 2833 35
241 2806 375 2848 quam
397 2794 445 2836 in
466 2794 552 2837 hiis
579 2795 834 2849 specialiter
857 2796 1099 2851 querimus,
1131 2794 1431 2850 promptitudo
1453 2793 1764 2852 maturaretur.
1827 2791 1882 2832 Et
1905 2791 2005 2831 dum

241 2865 296 2907 de
338 2866 619 2919 parlamento
660 2867 707 2909 in
750 2868 1079 2922 parlamentum
1127 2865 1376 2908 differretur
1422 2863 1673 2917 responsiO,
1721 2861 2005 2915 superaddito

356 3007 389 3042 a)
410 3006 556 3035 dirivata
575 3008 612 3035 Β.
655 3008 690 3041 b)
710 3007 869 3043 ipsosque
889 3008 926 3034 B.
974 3009 1001 3040 c)
1021 3005 1255 3042 prosecutione
1275 3006 1312 3032 Β.
1355 3004 1387 3038 d)
1402 3003 1467 3030 'Die
1486 3003 1578 3031 Stelle
1596 3003 1638 3030 iet
1661 3001 1828 3035 verclerl›t;
1852 2999 2003 3027 vielleicht

238 3060 275 3082 co
295 3061 336 3082 zu
356 3055 490 3082 deuten:
509 3056 547 3082 ut
566 3055 732 3083 instemus
750 3055 867 3082 multis
886 3055 1043 3090 precibus
1065 3055 1098 3081 et
1117 3054 1218 3081 verbo
1238 3059 1298 3087 per
1317 3050 1448 3078 nuntios
1468 3051 1502 3078 et
1521 3049 1652 3083 litteris,
1671 3049 1708 3075 ut

307 3112 452 3149 Finko,
469 3114 554 3142 Acta
573 3113 708 3143 concilii
727 3113 1006 3142 constanciensis.
1036 3113 1061 3142 1.
1672 3098 1724 3139 16
