2216 3432
488 180 530 219 D.
573 181 790 228 Sigismund,
815 185 1038 232 Frankreich,
1064 190 1222 236 England
1249 195 1319 228 und
1346 196 1406 230 (las
1432 199 1568 237 Konzil.
1611 201 1668 239 Nr.
1694 204 1748 239 98.
1904 197 1985 238 363

242 289 483 346 instigante
529 290 750 333 malorum
796 293 991 337 omnium
1038 299 1181 340 satore
1226 301 1345 354 pacis
1390 303 1562 349 inimico
1613 308 1697 350 dux
1742 310 1986 365 Burgundie

243 363 398 406 contra
431 363 600 406 statum
632 364 755 417 regni
779 365 933 407 domus
956 367 1137 411 Francie
1169 369 1214 411 in
1236 374 1407 425 copiosa
1431 379 1691 419 armatorum
1714 381 1987 425 multitudine

241 445 383 488 prope
416 435 535 477 fores
569 433 767 476 Parisius
809 438 951 479 castra
982 441 1172 482 metatus
1215 443 1428 486 hostiliter
1466 446 1711 500 insultaret,
1750 452 1791 491 et
1830 452 1986 495 idcirco

240 504 505 548 retraximus
548 519 629 548 nos
681 508 725 548 et
765 508 1085 551 ambaxiatores
1134 514 1302 554 nostros
1349 517 1527 569 propter
1572 518 1893 563 insecuritat0m
1933 524 1985 563 ab

200 574 401 619 5itinere
434 577 701 632 peragendo,
742 591 975 631 personam
1008 583 1201 623 nostram
1234 583 1470 628 discrimini
1509 587 1707 641 cuiquam
1746 592 1788 630 et
1820 591 1987 633 fortune

243 660 468 702 exponere
501 661 601 690 cum
634 649 807 691 modica
841 650 1046 693 comitiva
1078 653 1338 696 dubitantes.
1394 657 1497 698 Post
1527 658 1729 711 pusillum
1762 674 1861 702 vero
1893 675 1987 703 cum

242 718 522 762 iocunditate
571 721 821 762 audivimus
870 722 1059 764 eundem
1107 725 1259 766 ducem
1312 726 1563 780 Burgundie
1610 729 1653 769 in
1700 730 1987 780 Flandria111¹³)

239 803 476 842 remeasse,
527 792 606 833 sed
652 794 806 845 gentes
854 806 956 834 suas
1003 793 1165 836 ibidem
1212 810 1347 850 prope
1398 798 1636 852 reliquisse.
1718 801 1989 844 Decrevimus

239 862 393 916 itaque
438 876 518 917 per
561 863 726 917 scripta
766 865 917 906 nostra
948 867 1168 918 presentia
1202 866 1457 910 intentionis
1490 872 1636 911 nostre
1675 874 1775 913 vota
1815 886 1862 913 ex
1900 873 1989 925 ple-

169 933 444 976 10nitudine
477 934 731 976 fraternalis
779 935 965 987 fiducie,
1000 950 1131 990 quam
1178 938 1222 979 in
1261 940 1411 981 eadem
1454 940 1567 994 regia
1613 941 1842 983 serenitate
1873 946 1915 984 et
1946 944 1988 984 in

236 1005 363 1048 vobis
397 1007 442 1047 et
474 1006 633 1048 ceteris
667 1006 886 1060 regalibus
919 1007 1196 1062 principibus
1228 1010 1407 1052 Francie
1448 1011 1626 1052 indubie
1658 1012 1861 1065 gerimus,
1894 1027 1987 1053 suc-

238 1076 382 1119 cincte
421 1077 677 1130 insinuare3
725 1078 889 1120 sufficit
930 1080 1046 1120 enim
1084 1081 1244 1121 amanti
1286 1081 1506 1122 nunciare.
1571 1083 1808 1123 pensantes
1848 1083 1989 1136 itaque

238 1148 356 1190 circa
404 1150 685 1203 negotiorum
728 1149 980 1191 huiusmodi
1023 1150 1354 1193 saluberrimam
1403 1152 1683 1194 directionem
1723 1157 1822 1194 vota
1864 1153 1989 1206 regia,

237 1221 386 1262 vestra
427 1221 471 1261 et
510 1222 758 1262 ceterorum
797 1221 1046 1274 principum
1087 1223 1383 1275 predictorum
1431 1223 1588 1264 nostris
1632 1223 1854 1265 desideriis
1891 1237 1990 1264 con-

169 1291 222 1333 15
238 1303 426 1342 currere,
472 1291 672 1334 sollicitis
714 1293 889 1334 excitati
929 1292 1086 1346 vigiliis
1125 1293 1384 1346 promotioni
1423 1294 1658 1334 eorundem
1704 1294 1810 1346 iugis
1851 1296 1990 1335 atten-

238 1362 360 1404 tione
391 1363 680 1405 intendentes
713 1363 989 1416 cogitationis
1020 1365 1195 1417 negotia
1217 1364 1323 1418 ipsa,
1347 1364 1543 1405 altissimi
1566 1366 1822 1418 cooperante
1844 1364 1990 1417 gratia,

237 1432 284 1474 in
317 1435 468 1476 actum
501 1434 740 1476 salubriter
771 1437 975 1476 Votorum
1009 1435 1309 1477 conformitate
1343 1435 1556 1477 deducere
1588 1436 1830 1488 cupientes,
1862 1435 1989 1475 assec-

239 1505 387 1547 tamus
421 1506 660 1548 admodum
704 1519 803 1548 cum
836 1506 1016 1560 prefatis
1057 1506 1274 1559 regalibus
1315 1505 1581 1560 principibus
1618 1508 1766 1559 utpote
1807 1504 1988 1546 dominis

239 1575 471 1630 delphino,
522 1591 623 1631 rege
666 1578 904 1628 Ludouico‚
944 1577 1209 1618 Bituricensi
1249 1579 1290 1618 et
1321 1576 1501 1617 Barensi
1542 1575 1723 1616 ducibus
1761 1588 1809 1615 ac
1847 1574 1988 1615 vobis-

165 1648 222 1690 20
237 1659 339 1689 cum
372 1647 635 1702 ceterisque,
670 1648 746 1702 qui
777 1649 832 1690 ad
855 1649 937 1690 hoc
970 1649 1163 1702 deputati
1199 1648 1373 1699 fuerint,
1406 1648 1459 1689 ad
1482 1647 1693 1701 premissa
1724 1645 1988 1686 sufficienter

0 1715 16 1765 5
237 1718 470 1761 instructis
505 1722 550 1761 et
581 1719 795 1768 fundatis,
831 1720 905 1761 ubi
938 1721 981 1761 et
1013 1719 1211 1761 nonnulli
1244 1718 1436 1771 magistri
1467 1716 1676 1770 theologie
1717 1719 1758 1756 et
1791 1716 1987 1756 doctores

236 1789 290 1831 de
333 1790 626 1832 universitate
667 1790 922 1837 Parisiensi,
962 1790 1037 1844 qui
1075 1791 1206 1832 etiam
1239 1790 1293 1831 ad
1341 1788 1510 1842 negotia
1547 1788 1642 1840 ipsa
1681 1789 1722 1827 et
1768 1785 1985 1826 materiam

235 1864 506 1915 presentem,
539 1862 648 1916 quid
681 1862 901 1915 agendum
941 1861 1163 1916 expediat,
1202 1860 1428 1902 consulere
1466 1858 1650 1909 valeant,
1683 1857 1900 1901 adessent,
1942 1855 1985 1895 in

235 1931 386 1986 aliquo
418 1932 514 1976 loco
548 1934 839 1975 accomodoso
877 1934 920 1974 in
961 1931 1188 1986 provincia
1228 1930 1453 1972 provincie
1486 1929 1551 1970 vel
1592 1927 1874 1979 Delphinatus
1915 1926 1986 1965 aut

163 2004 220 2046 25
235 2003 280 2044 in
314 2003 495 2046 civitate
528 2003 724 2055 Astensi,
758 2004 878 2057 quod
917 2004 1043 2046 nobis
1085 2003 1209 2044 valde
1242 2002 1440 2055 placeret,
1474 1995 1798 2054 [convenire]''):
1842 1998 1882 2037 et
1914 1995 1985 2035 ubi

235 2074 526 2117 commoditas
560 2088 648 2117 non
683 2077 909 2128 pateretur
941 2087 1094 2115 omnes
1119 2074 1339 2127 principes
1368 2070 1583 2125 predictos
1616 2081 1740 2121 posse
1772 2065 1985 2114 advenire,

234 2146 394 2188 saltem
432 2147 520 2188 duo
559 2160 612 2188 ex
653 2145 761 2199 ipsis
805 2145 1009 2187 videlicet
1058 2158 1131 2186 rex
1165 2143 1414 2185 Ludouicus
1454 2143 1495 2182 et
1530 2152 1606 2180 vos
1644 2137 1709 2179 vel
1751 2137 1803 2177 ad
1844 2135 1984 2175 minus

234 2216 346 2260 alter
377 2218 576 2259 vestrum
613 2217 731 2258 inter
771 2231 845 2259 vos
880 2218 989 2259 duos
1029 2217 1084 2258 ad
1124 2215 1364 2270 predictam
1405 2212 1619 2254 civitatem
1652 2208 1877 2249 Astensem
1910 2205 1984 2245 ad-

233 2288 454 2338 venirent„
504 2288 582 2331 ubi
621 2289 767 2342 parati
809 2301 959 2330 sumus
1003 2301 1102 2329 cum
1134 2286 1242 2340 ipsis
1275 2287 1317 2326 et
1348 2284 1569 2325 vobiscum
1604 2293 1680 2321 nos
1712 2277 1902 2319 invenire
1944 2276 1984 2315 et

162 2360 219 2403 30
233 2359 553 2402 delectabiliter
584 2361 631 2402 in
664 2373 801 2402 unum
836 2359 1083 2402 convenire.

350 2442 533 2484 Additio
546 2443 577 2496 ¹)
602 2444 657 2485 ad
679 2443 875 2485 litteram
898 2441 1243 2484 Aurelianensis.
1299 2437 1493 2480 Perfecte
1527 2434 1654 2487 igitur
1686 2426 1983 2473 sollicitudinis

231 2513 351 2555 zelus
384 2526 465 2555 nos
498 2513 670 2556 inducit
703 2528 792 2556 non
826 2516 917 2555 tam
956 2512 1186 2554 manifesta
1218 2508 1409 2563 pericula
1446 2518 1576 2559 quam
1615 2505 1816 2554 suspecta
1848 2496 1982 2539 vereri

231 2597 312 2625 nec
334 2585 636 2638 provisionem
666 2585 847 2638 expedit
879 2584 1056 2632 differre
1079 2582 1259 2630 cautele,
1292 2579 1367 2620 sed
1392 2578 1554 2631 quanto
1586 2574 1746 2614 maiora
1779 2570 1982 2611 timentur

232 2654 485 2710 dispendia,
532 2657 653 2698 tanto
691 2655 939 2710 promptior
981 2657 1023 2696 et
1062 2652 1292 2708 perfectior
1330 2649 1459 2690 debet
1499 2659 1591 2687 esse
1634 2641 1812 2683 cautela.
1875 2639 1981 2689 Spe-

160 2726 216 2771 35
231 2739 382 2770 ramus
415 2726 638 2780 equidem,
677 2726 773 2781 ut-0)
805 2726 934 2768 nobis
967 2727 1009 2767 et
1041 2723 1164 2766 vobis
1197 2722 1241 2762 in
1274 2732 1408 2762 unum
1440 2711 1795 2758 convenientibus
1828 2719 1980 2760 capere

0 1240 17 1271 ’ἦ

0 1339 11 1372 ’ὁ

0 1437 7 1449 ²

0 1462 8 1471 .

0 1484 6 1499 ι

0 1779 14 1973 ww*

352 2903 382 2936 a)
402 2901 600 2930 Flandream
619 2903 656 2929 B.
710 2901 745 2936 b)
765 2901 853 2928 Fehlt
872 2902 908 2928 Β.
965 2900 993 2934 c)
1013 2898 1180 2926 Entweder
1199 2896 1235 2922 ut
1253 2892 1437 2926 ilberfliiseiq
1457 2891 1533 2917 oder
1553 2889 1611 2914 das
1638 2885 1765 2913 Verbum
1785 2881 1870 2915 svm!-

351 2963 378 3007 ¹)
403 2961 475 2996 Die
502 2962 635 2996 additio
662 2961 830 2996 sclaliesst
852 2960 927 2994 sicle
952 2959 1045 2993 wolcl
1066 2953 1286 2991 umnittelbar
1311 2964 1353 2985 (m
1379 2951 1441 2983 das
1478 2943 1748 3008 lbrlec‘rytlwmle
1774 2953 1827 2973 an.
1859 2938 1973 3005 .I.)“'¹.'²

228 3021 349 3056 wiirde
373 3021 449 3056 dies
475 3021 541 3056 der
573 3019 800 3055 Grandstoclc
814 3019 884 3065 fiir
909 3018 977 3052 alle
993 3015 1184 3062 solyemlen
1213 3009 1403 3046 Schraiben
1428 3007 1502 3041 sein
1529 3004 1596 3038 und
1620 3013 1684 3035 nur
1707 3001 1761 3034 (Ite
1787 2998 1916 3032 additio
1942 3006 1975 3030 m

220 3080 341 3131 jedem
364 3079 467 3116 Faue
494 3079 698 3117 besonders.
749 3078 854 3113 Doelz
878 3078 947 3123 vyl.
973 3075 1073 3110 Anm.
1098 3085 1144 3107 zu
1169 3072 1231 3106 der
1245 3067 1436 3117 folqenden
1462 3063 1602 3099 additio.
