2216 3432
279 175 332 217 28
683 182 710 217 Ι.
736 180 932 215 Absehnitt.
982 176 1407 222 Unionsverhandlungen
1431 176 1486 211 bis
1514 177 1616 213 1413.

276 288 559 344 processisse,
579 288 731 332 *testes
762 284 1021 328 subornabit
1052 283 1095 325 et
1125 282 1335 334 instruet,
1367 282 1587 336 quomodo
1618 282 1883 326 conveniant
1913 285 2027 327 tem-

277 373 381 413 pore
411 356 789 411 interrogacionis3
832 355 949 408 quod
982 353 1160 407 quidem
1197 351 1382 394 faciliter
1417 353 1562 395 facere
1592 354 1822 407 poterunt,
1859 354 2027 397 haben-

278 430 396 470 tibus
429 442 503 471 eos
534 428 579 468 in
611 440 687 468 sua
720 426 889 468 dicione
921 426 965 465 et
997 436 1085 465 non
1118 422 1242 475 prius
1274 421 1577 475 examinatis⁰)
1616 423 1861 465 comuniter
1892 437 2027 478 quam

278 499 444 540 secreto
483 499 526 539 et
564 497 732 550 private
771 493 1009 537 instructis.
1081 492 1174 533 Hec
1207 493 1353 534 autem
1390 505 1480 534 non
1510 492 1573 534 sic
1612 483 1816 546 faciliter,
1860 493 1898 536 si
1936 507 2026 537 non

276 570 398 623 prius
439 567 604 621 private
645 579 776 619 quam
813 564 1058 606 comuniter
1095 562 1141 604 in
1183 574 1261 603 sua
1293 562 1463 604 dicione
1502 563 1635 604 testes
1668 562 1915 605 habuerint.
1978 563 2066 607 Si5

277 638 392 680 enim
424 633 761 690 temptabuntb)‚
795 647 903 687 quos
936 633 980 674 in
1003 646 1081 674 sua
1114 632 1332 685 potestate
1365 645 1452 674 non
1483 633 1724 683 habebunt,
1756 633 2028 686 subvertere,

277 721 364 749 non
403 708 468 748 est
504 705 738 747 verisimile
784 706 918 745 testes
958 701 1268 744 subornacioni
1316 705 1405 743 tam
1452 702 1636 744 faciliter
1682 702 1910 745 assentire.
1973 703 2029 746 Et

277 777 433 818 mirum
464 776 586 827 foret,
620 775 656 816 si
688 788 775 816 non
807 765 992 826 palam'0)
1025 770 1309 826 temptaciod)
1342 772 1758 826 deprehenderetur.

391 858 445 899 Et
475 856 680 910 quoniam
720 855 877 898 unione
920 846 964 897 et
997 854 1309 896 reformacione
1342 854 1510 895 dictum
1547 856 1614 896 est
1645 854 1878 897 ecclesiam
1908 855 2024 898 indi-

275 942 373 981 gere
422 926 576 977 videri,
623 927 834 973 advertat,
883 925 1094 979 supplico,
1134 924 1378 978 prudencia
1423 926 1628 979 vest1·a‘'),
1681 926 1798 978 quod
1828 925 1898 968 via
1943 926 2025 969 hec
2045 929 2098 970 10

275 1011 406 1039 causa
436 1010 530 1038 esse
567 999 716 1050 posset
748 995 1043 1049 irreparabilis
1086 995 1399 1036 destructionis
1440 994 1692 1048 utriusque,
1734 998 1949 1049 quantum
1981 997 2027 1038 in

274 1067 522 1109 hominibus
545 1066 744 1120 potencia
765 1067 927 1107 bonum
950 1065 1217 1118 impediendi
1241 1064 1456 1119 permissa
1480 1066 1561 1106 est.
1607 1063 1798 1121 previos)
1822 1079 2026 1121 namque,

276 1139 322 1178 ut
354 1137 595 1190 predictum
639 1139 722 1186 est,
770 1136 986 1178 iusticiam
1033 1135 1078 1176 in
1125 1135 1232 1176 facie
1274 1135 1500 1177 hominum
1539 1136 1809 1189 conculcari,
1856 1136 2027 1179 facilius

276 1210 342 1248 est
374 1221 450 1260 per
482 1208 594 1248 viam
634 1208 787 1258 liancss)
835 1220 965 1259 quam
1007 1220 1085 1259 per
1123 1205 1274 1255 aliam,
1322 1205 1426 1258 quia
1461 1205 1740 1248 verisimilius
1778 1207 1823 1248 et
1855 1207 2027 1249 facilius

276 1279 340 1318 est
388 1279 523 1318 testes
570 1279 808 1318 subornare
856 1279 898 1317 et
945 1276 1110 1317 iudices
1159 1276 1214 1317 ad
1261 1276 1491 1329 obliquum
1538 1276 1747 1318 iudicium
1795 1277 2026 1320 ferendum
2044 1281 2095 1322 15

276 1348 507 1398 seducere,
541 1348 658 1401 quod
699 1346 894 1400 quamvis
933 1346 1020 1395 fiat,
1055 1360 1141 1387 non
1181 1347 1284 1388 unio
1317 1346 1405 1399 fiet,
1447 1347 1521 1388 sed
1563 1346 1638 1389 illa
1670 1348 1732 1389 sic
1766 1347 2026 1390 faciencium

275 1417 503 1469 augebitur
535 1418 759 1470 iniquitas,
792 1418 928 1458 donec
960 1417 1119 1458 veritas
1154 1417 1385 1459 reveletur.

391 1500 490 1542 Alia
520 1497 663 1551 vero¹¹)
706 1499 821 1541 racio
854 1501 937 1551 est,
981 1500 1099 1552 quod
1138 1499 1274 1552 magis
1308 1498 1532 1541 discordes
1573 1499 1720 1542 animo
1753 1500 2025 1543 conciliaturi

274 1569 392 1621 fient,
425 1573 467 1611 et
500 1572 732 1624 propterea
764 1572 839 1610 aut
872 1570 1133 1611 convenient
1165 1572 1241 1611 aut
1274 1583 1380 1621 non3
1414 1569 1451 1610 si
1484 1571 1761 1623 convenient,
1803 1571 2025 1614 difficilius

274 1640 612 1681 concordabunt.
678 1641 728 1681 Et
760 1642 991 1693 propterea
1031 1637 1166 1693 magis
1206 1641 1437 1682 concilium
1482 1642 1666 1695 produci
1714 1655 1893 1683 necesse
1925 1643 2021 1684 erit.
2039 1644 2095 1685 20

274 1710 506 1763 Oportebit
543 1711 658 1751 enim
706 1711 822 1764 ipsos
864 1723 961 1751 cum
1008 1710 1097 1751 suis
1137 1711 1326 1752 dominis
1373 1712 1516 1765 primo
1564 1713 1822 1765 convenire,
1866 1713 2025 1755 deinde

273 1782 456 1821 tractare
490 1781 542 1821 de
574 1781 680 1830 loco,
714 1782 908 1834 tempore
941 1783 983 1822 et
1014 1782 1143 1823 modo
1176 1782 1480 1823 conveniendi.
1549 1783 1605 1824 Et
1637 1796 1736 1825 cum
1770 1796 1858 1825 non
1889 1796 2026 1837 parva

275 1850 406 1892 fuerit
439 1850 651 1892 distancia
683 1851 794 1892 inter
835 1864 923 1901 eos,
956 1851 1134 1893 minima
1167 1865 1252 1905 que
1285 1850 1494 1907 orietur¹)
1527 1853 1745 1895 discordia
1781 1853 1898 1895 inter
1934 1867 2023 1907 eos,

275 1933 360 1961 non
399 1933 552 1972 parum
591 1920 732 1973 exiget
771 1919 1016 1977 tempusk),
1060 1923 1296 1976 antequam
1337 1922 1509 1965 nunciis
1551 1924 1684 1966 eundi
1727 1925 1772 1965 et
1811 1924 2023 1966 redeundi

274 1990 455 2031 facilitas
487 1992 611 2032 adsit.
684 1992 737 2032 Et
775 1994 873 2044 post
911 1993 990 2033 hec
1029 1993 1146 2045 dato,
1185 1994 1304 2046 quod
1336 1995 1623 2045 concordent,
1662 1995 1710 2036 ut
1747 1994 2023 2047 conveniant,
2039 1998 2093 2038 25

274 2062 444 2113 tempus
497 2074 581 2102 non
628 2075 783 2114 parum
832 2063 917 2103 labi
970 2063 1147 2104 interim
1194 2064 1426 2117 oportebit.
1505 2066 1583 2107 Set
1634 2067 1870 2119 postquam
1921 2078 2025 2106 con-

277 2131 487 2174 venerint.
527 2132 696 2184 longius
735 2133 935 2186 expediet
979 2135 1174 2186 tempus,
1214 2138 1261 2175 ut
1298 2135 1435 2188 inagis
1483 2136 1708 2178 discordes
1748 2134 2024 2177 conveniant.

275 2200 453 2241 Interim
487 2215 585 2242 vero
616 2202 770 2254 prelati
811 2204 854 2243 et
886 2203 1105 2257 principes
1144 2205 1395 2258 sumptibus
1434 2206 1743 2259 gravabuntur.
1807 2206 1861 2247 Et
1892 2218 2026 2261 quos-

275 2270 371 2310 dam
404 2270 547 2312 inedia
578 2271 815 2324 inperfecto
855 2287 987 2326 opere
1030 2275 1204 2316 unionis
1236 2276 1304 2316 vel
1345 2277 1501 2318 saltem
1546 2276 1874 2319 reformacionis
1906 2289 2025 2318 com-

274 2340 407 2391 pellet
439 2341 582 2393 abire3
616 2342 868 2398 quosdam1)
907 2358 1010 2386 vero
1043 2345 1144 2387 hinc
1174 2346 1403 2388 honestate
1436 2347 1554 2389 orbis
1584 2347 1830 2401 inperfecta
1861 2346 2024 2389 unione
2039 2347 2095 2389 30

274 2409 388 2450 abire
428 2412 623 2463 pudebit.
696 2414 801 2455 Inde
832 2428 935 2455 vero
980 2416 1169 2458 avaricia
1207 2430 1283 2458 seu
1331 2417 1481 2472 inopia
1523 2418 1706 2472 ductim)
1752 2418 1873 2460 iuxta
1916 2417 2026 2460 illud

273 2481 398 2531 poete
420 2480 580 2523 facient
595 2482 650 2536 21)
694 2482 880 2538 Sedere&
898 2491 1038 2539 patres
1059 2500 1216 2527 censere
1239 2489 1398 2541 parati,
1432 2490 1471 2528 si
1492 2503 1674 2543 refluum,
1708 2489 1748 2529 si
1768 2488 1914 2543 templa
1943 2486 2029 2529 sibi

276 2549 534 2604 ‘c'uyulu‘mquc
571 2560 732 2594 senatus
771 2555 1014 2610 miliumque
1043 2558 1214 2611 petas).
1277 2557 1331 2599 Et
1372 2557 1434 2599 sic
1475 2558 1550 2600 liet
1594 2558 1696 2600 unio
1737 2560 1782 2602 et
1814 2558 2026 2601 reforma-

274 2618 392 2660 bitur
424 2621 617 2664 ecclesia.

396 2828 425 2862 a)
446 2829 529 2856 Fehlt
550 2832 584 2857 Β.
657 2832 689 2866 b)
715 2834 889 2863 tentabunt
902 2836 938 2862 ι’.
1011 2837 1039 2870 0)
1060 2836 1248 2871 periculosa
1268 2839 1297 2865 C.
1364 2838 1396 2873 d)
1417 2839 1561 2866 tentacio
1583 2840 1613 2866 0.
1684 2839 1714 2874 e)
1735 2838 1897 2867 serenitas
1916 2844 1977 2866 sua
1996 2838 2026 2866 0.
2039 2828 2095 2871 35

275 2873 297 2906 1)
318 2873 420 2907 primo
442 2876 469 2902 0.
557 2877 589 2911 g)
610 2877 693 2905 hune
714 2881 748 2907 B.
839 2881 870 2915 h)
892 2882 977 2909 Fehlt
998 2884 1026 2910 Ο.
1116 2883 1138 2918 i)
1159 2883 1287 2911 oriatur
1308 2886 1343 2911 B.
1432 2885 1466 2920 k)
1487 2885 1648 2920 temporis
1668 2886 1694 2914 C'
1799 2885 1823 2920 1)
1843 2884 1977 2921 quidam
1997 2885 2027 2914 C‘.

235 2947 251 2958 ο
275 2919 318 2953 m)
338 2919 443 2948 victus
464 2923 491 2949 Ο.
544 2924 576 2957 n)
597 2925 706 2953 sedem
725 2927 829 2960 patris
848 2928 915 2962 pati
937 2930 984 2963 B;
1003 2929 1119 2957 redere
1138 2932 1250 2965 patres
1269 2939 1406 2960 censere
1425 2932 1532 2968 parati
1553 2934 1582 2960 Ο.
1655 2934 1685 2966 o)
1704 2932 1789 2970 petit
1803 2933 1845 2969 ‚04

395 2992 416 3030 ¹)
444 2991 574 3040 Lucan,
599 2995 639 3029 de
667 2996 754 3031 bello
782 2999 876 3035 civili
900 2998 967 3046 ΙΙΙ,
994 2999 1072 3037 109.
