2216 3432
221 159 306 201 344
539 166 601 203 111.
627 166 827 202 Abschnitt.
876 163 1149 210 Vorgeschichte
1174 163 1236 198 des
1262 163 1484 199 Konstanzer
1507 164 1668 200 Konzils.

219 275 426 328 magistro
458 273 704 315 Johannem
742 270 943 314 Umberti
980 283 1060 324 per
1100 269 1283 311 modum
1314 269 1574 312 avisamenti
1611 283 1765 324 supra*
1787 270 1983 326 quinque

212 344 414 386 *articulis
457 342 677 384 sanctitati
708 341 875 383 domini
914 340 1053 382 nostri
1085 353 1201 394 pape
1241 353 1414 382 summo
1456 340 1658 395 pontifici
1696 341 1981 395 explicandis.

337 414 511 456 Primus
554 413 762 454 articulus
786 412 868 453 est
912 424 1048 464 super
1087 411 1211 453 factis
1258 411 1473 453 Johannis
1521 411 1752 465 antipapa,
1799 425 1983 455 suorum

221 485 507 527 cardinalium
539 485 582 525 et
614 483 732 524 curie
764 482 972 524 eiusdem.

338 555 568 597 Secundus
601 553 808 594 articulus
842 554 909 593 est
941 566 993 593 ex
1024 553 1149 605 parte
1182 552 1478 605 i1nperat01·is.·
1743 569 1747 572 ψ
1825 578 1827 581 -
1996 552 2024 596 5

339 625 518 667 Tercius
561 626 627 666 est
665 637 717 665 ex
759 625 884 677 parte
925 623 1036 677 regis
1070 623 1340 664 Francorum
1383 635 1433 664 ac
1471 622 1751 665 dominorum
1790 624 1845 666 de
1881 638 1983 666 san-

220 696 350 750 guine
383 709 477 737 suo.
1812 742 1814 744 .

339 766 531 816 Quartus
564 766 631 807 est
662 778 714 806 ex
747 766 872 818 parte
906 763 1038 805 studii
1073 762 1349 805 Parisiensis.
2196 779 2216 827 ’1

339 836 528 887 Quintus
561 837 627 877 est
659 848 794 888 supra
827 835 1049 888 aliquibus
1082 834 1501 887 supplicacionibus.

338 908 559 957 Quantum
608 907 661 947 ad
714 906 903 959 primum
952 905 1185 946 articulum
1231 906 1376 958 potest
1420 906 1553 947 dividi
1602 907 1646 948 in
1688 908 1778 949 tres
1820 910 1984 962 partes,
2003 907 2056 949 10
2211 918 2216 954 ³.

221 977 386 1019 scilicet
417 978 461 1018 in
494 990 729 1030 personam
770 977 873 1017 dicti
915 976 1122 1029 antipape
1163 976 1397 1029 impliciter
1434 978 1477 1018 et
1515 977 1559 1019 in
1597 991 1834 1031 personam
1872 980 1985 1022 anti·
2210 969 2216 979 ⁴

224 1047 510 1089 cardinalium
544 1061 593 1087 ac
625 1047 669 1088 in
692 1060 925 1100 personam
959 1048 1051 1088 sive
1076 1047 1333 1088 affectiones
1367 1047 1613 1090 curialium.
1667 1050 1813 1103 Super
1843 1051 1985 1104 primo

222 1118 405 1159 articulo
446 1118 686 1168 invenitur,
729 1118 849 1170 quod
892 1131 1046 1159 omnes
1090 1117 1290 1159 homines
1331 1119 1434 1159 sunt
1472 1117 1734 1161 intencionis
1776 1133 1877 1163 vere
1915 1122 1985 1164 vel

223 1189 512 1242 apparenter,
551 1188 669 1240 quod
711 1188 825 1228 istud
860 1188 1092 1229 concilium
1131 1189 1335 1241 generale
1368 1188 1614 1231 celebretur
1650 1190 1694 1231 in
1732 1191 1836 1233 villa
1868 1192 1985 1234 Con-

222 1258 457 1300 stanciensi
498 1258 544 1299 in
586 1258 815 1299 Alamania
859 1261 902 1299 ct
946 1259 1164 1312 prefatum
1209 1259 1442 1301 concilium
1481 1259 1664 1314 incipiet
1711 1262 1855 1315 prima
1894 1262 1985 1304 No-
2003 1261 2055 1303 15

222 1330 426 1379 vembris,
460 1331 502 1370 et
535 1342 668 1382 super
700 1329 792 1369 istis·
827 1329 1022 1382 prefatus
1066 1330 1275 1383 antipapa
1317 1330 1461 1372 bullas
1494 1331 1671 1385 scripsit
1708 1333 1752 1374 et
1783 1333 1838 1374 de
1869 1333 1985 1375 sacto

222 1400 337 1440 misit
368 1400 455 1453 regi
485 1400 766 1451 Francorum,
800 1401 1074 1453 pai-lamento
1104 1401 1301 1442 eiusdem
1330 1402 1373 1442 et
1395 1401 1669 1443 universitati
1695 1403 1987 1460 Parisiensi.¹)

222 1470 276 1510 Et
307 1470 422 1511 idem
456 1470 664 1523 antipapa
697 1471 1019 1512 ambaxiatores
1053 1471 1167 1512 misit
1202 1471 1245 1512 in
1276 1472 1482 1514 omnibus
1505 1472 1775 1529 Yspaniis‚2)
1807 1474 1850 1516 in
1884 1487 1986 1528 par-

222 1540 339 1581 tibus
371 1540 749 1595 Alamannrumss),
786 1542 1031 1593 Scotorum,
1065 1542 1370 1597 Anglorum4),
1405 1544 1453 1584 ut
1482 1545 1635 1585 notum
1666 1545 1733 1585 est
1765 1545 1985 1587 sanctitati

224 1610 388 1651 domini
427 1611 565 1651 nostri
607 1625 722 1664 pape
761 1613 803 1652 et
842 1613 1123 1665 supradictus
1169 1613 1380 1667 antipapa
1424 1614 1493 1655 vel
1526 1614 1848 1657 ambaxiatores
1888 1615 2057 1658 100020

222 1681 313 1720 cius
354 1681 568 1726 dixerunt,
614 1682 731 1734 quod
773 1682 866 1735 ipse
915 1683 1124 1737 antipapa
1168 1685 1398 1738 promptus
1448 1686 1514 1727 est
1553 1685 1645 1726 sive
1688 1687 1893 1740 paratus,
1938 1688 1987 1728 ut

222 1751 402 1792 ecclesia
444 1751 619 1792 uniatur
652 1754 694 1793 et
727 1753 889 1794 (lictum
931 1754 1166 1795 concilium
1201 1755 1463 1796 celebretur.
1526 1756 1839 1799 Verumtamen
1870 1757 1987 1799 fama

220 1821 395 1874 publica
434 1823 497 1863 est
549 1823 603 1863 ab
643 1822 848 1864 omnibus
897 1824 950 1865 de
994 1838 1073 1866 sua
1117 1825 1236 1866 curia
1284 1826 1587 1877 venientibus,
1625 1827 1758 1869 etiam
1806 1828 1986 1881 quidam

220 1892 433 1933 maximus
477 1893 608 1933 homo
662 1894 826 1935 scilicet
870 1895 1198 1937 anticardinalis
1251 1896 1583 1939 Cameracensis
1634 1897 1869 1940 affirmavit
1921 1899 1986 1940 di-

220 1962 439 2016 cendo,5),
481 1964 601 2017 quod
643 1965 839 2018 prefatus
888 1966 1098 2020 antipapa
1147 1967 1267 2009 nullo
1315 1968 1448 2009 modo
1496 1967 1687 2010 intendit
1731 1969 1883 2011 venire
1930 1968 2056 2011 ad25

220 2032 383 2074 dictum
430 2034 659 2077 concilium
704 2038 746 2078 et
787 2039 970 2090 propter
1015 2038 1097 2079 hoc
1138 2039 1411 2081 tractabatur
1457 2052 1559 2081 cum
1606 2052 1707 2094 rege
1747 2039 1985 2084 Landislao

220 2106 402 2155 secrete,
436 2106 554 2158 quod
588 2106 728 2147 dictus
763 2121 836 2149 rex
870 2121 968 2150 cum
1003 2122 1160 2163 magno
1192 2110 1387 2152 exercitu
1419 2110 1569 2152 veniat
1601 2111 1645 2152 et
1675 2123 1817 2165 prope
1837 2110 1986 2154 Bono-

219 2173 350 2225 niam,
384 2175 458 2216 ubi
495 2175 589 2229 ipse
632 2178 842 2231 antipapa
887 2181 967 2229 est,
1002 2181 1204 2231 accedat,
1249 2182 1297 2223 ut
1336 2181 1390 2222 ab
1423 2181 1543 2223 omni
1576 2181 1753 2224 homine
1785 2174 2010 2224 videatur'

219 2246 444 2287 excusacio
483 2246 620 2300 ipsius
664 2248 896 2302 antipape,
937 2251 979 2291 et
1017 2252 1121 2292 tunc
1160 2251 1421 2294 necessitate
1459 2252 1690 2305 cohactus,
1732 2253 1780 2294 ut
1810 2252 1986 2308 dicet,²)

218 2314 371 2356 habuit
403 2317 545 2358 facere
579 2332 732 2371 pacem
766 2333 815 2360 ac
848 2321 1237 2364 confederaciones
1271 2336 1370 2365 cum
1403 2323 1560 2365 eodem
1598 2336 1698 2378 rege
1731 2323 1983 2366 Landislao.
1999 2322 2057 2365 30
2214 2370 2216 2375 .

220 2384 345 2426 Tunc
375 2387 587 2440 temporis
619 2388 713 2442 ipse
747 2391 957 2445 antipapa
990 2395 1258 2446 apparenter
1290 2394 1514 2446 habehim
1547 2394 1823 2437 occasionem
1846 2407 1985 2449 appa·
2196 2391 2216 2445 ’ἔ

218 2456 390 2497 rentem
436 2459 504 2499 vel
550 2460 843 2514 prolongandi
892 2462 1057 2504 dictum
1109 2464 1341 2507 concilium
1387 2465 1457 2507 vel
1499 2465 1748 2507 dimittendi
1794 2465 1985 2520 impera-

333 2655 364 2688 a)
384 2655 424 2683 So
445 2657 506 2684 das
526 2657 599 2692 Rey.

337 2727 363 2769 ¹)
390 2726 468 2761 Alle
494 2728 571 2762 drei
595 2728 839 2777 Einladunycn
865 2733 946 2768 sind
968 2734 1206 2769 anselaeinemi
1227 2735 1393 2770 verloren
1416 2747 1613 2782 yeyanqen.

335 2784 362 2827 ²)
391 2785 470 2819 Den
494 2785 731 2823 Patriarcleen
755 2790 934 2826 ,lohannes
962 2804 1030 2827 von
1055 2793 1358 2841 Konstantinopel.
1413 2794 1488 2841 Vyl.
1514 2794 1605 2830 oben
1630 2793 1670 2830 S.
1694 2794 1768 2830 316
1771 2794 1817 2842 ff
1997 2793 2054 2836 35

335 2843 362 2886 ³)
386 2843 565 2880 Kardinal
586 2846 693 2882 Peter
717 2859 785 2883 von
813 2850 910 2885 Ailli.

333 2902 361 2934 ⁴)
385 2901 427 2936 In
459 2903 526 2938 Nr.
552 2903 599 2938 52
627 2907 767 2941 werden
797 2914 953 2954 qenannt
982 2922 1109 2946 ausser
1144 2912 1255 2947 einem
1284 2912 1510 2959 piipstliclten
1539 2891 1704 2960 Nepae„
1737 2912 1803 2949 der
1833 2911 1988 2959 Bischos

214 2968 283 2992 von
307 2958 442 2994 Pesaro
468 2962 540 2996 und
561 2963 778 3010 Amyn-§tinus
807 2966 984 3003 Dellante.

335 3018 363 3063 ⁶)
387 3018 564 3056 Kardinal
585 3021 693 3059 Peter
716 3035 785 3061 von
809 3025 899 3061 Ailli
923 3038 998 3062 war
1023 3028 1093 3064 eeit
1114 3028 1201 3064 ,1αηί
1223 3029 1318 3067 1413
1341 3030 1440 3068 nicht
1459 3029 1559 3067 mehr
1583 3042 1631 3067 an
1652 3030 1718 3066 der
1742 3029 1866 3069 me‘e·
