2216 3432
478 190 518 227 B.
556 189 710 235 Gregors
726 189 991 236 xn.st011ung
1008 203 1085 226 zum
1103 193 1229 227 Konzil
1255 194 1307 229 bis
1325 206 1386 229 zur
1404 196 1603 243 Erfiffnung.
1642 199 1700 234 Nr.
1727 201 1781 237 70.
1920 193 1999 234 281

257 299 419 355 quoda)
442 299 625 342 voverat
647 297 691 339 et
712 297 949 341 iuraverat.
1002 299 1056 340 Et
1079 301 1192 342 teste
1215 301 1319 354 Deo,
1352 299 1486 356 eg0,¹‘)
1510 304 1584 358 qui
1607 305 1773 359 loquor,
1805 307 2005 351 videbam

256 384 392 426 regna
422 370 609 413 Francie
641 370 687 411 et
709 368 901 411 Castella
932 369 1146 425 disposita
1177 372 1232 414 ad
1264 373 1456 416 dandum
1488 374 1570 417 sibi
1603 376 1647 417 in
1680 390 1782 419 casu
1814 378 2006 431 predicto

255 441 561 485 obedienciam
591 439 812 494 papalem,
841 443 885 483 et
907 442 1077 495 merito,
1111 443 1215 496 quia
1244 445 1467 498 sequendo
1496 447 1740 500 exemplum
1763 449 2006 491 Salomonis

257 513 345 563 ille,
379 513 507 555 cuius
540 509 650 564 sich)
682 511 852 554 viscera
884 515 1099 555 commota
1131 515 1312 570 erant,⁰)
1343 515 1454 557 iuste
1476 517 1520 557 et
1542 517 1655 558 clare
1678 520 1725 559 ut
1747 531 1874 560 verus
1894 533 2008 573 papa

216 583 449 627 5debebat
482 584 537 626 ab
569 582 777 625 omnibus
808 583 993 626 iudicari
1026 618 1034 626 .
1071 617 1079 625 .
1114 617 1122 626 .

377 668 435 724 [2]
504 666 827 710 Puritatem.
899 668 1034 710 Decet
1076 666 1165 724 etd)
1204 668 1399 721 expedit,
1440 671 1488 710 ut
1528 670 1795 712 consciencie
1833 671 2009 725 puritati

259 754 348 783 non
381 739 497 782 desit
529 737 745 781 iudicium
780 732 988 791 racionis,
1028 753 1097 790 ne,
1137 740 1253 781 unde
1286 739 1524 792 spiritualis
1554 740 1773 793 profectus
1806 741 2009 795 queritur,

258 812 414 855 salutis
448 810 733 864 dispendium
766 810 1065 864 subsequatur
1090 845 1097 853 .
1125 845 1132 852 .
1159 844 1167 852 .
1202 811 1430 862 Quomodo
1462 814 1604 865 potest
1627 826 1721 854 esse
1744 813 2011 854 consciencia

258 883 386 926 istius
425 882 488 924 ita
526 895 660 936 pura,
695 880 798 935 quia
829 883 899 924 vel
932 886 1102 925 certum
1136 886 1227 935 est,
1268 883 1385 937 quod
1429 883 1524 936 ipse
1562 883 1686 937 fregit
1726 884 2010 925 iuramentum

191 954 244 996 10
258 957 302 997 et
332 956 501 1006 votum,
539 953 646 1008 quia
675 966 764 995 non
803 954 1080 996 renunciavit
1104 954 1249 996 debite
1285 954 1521 1007 requisitus
1555 956 1598 995 et
1619 956 1723 996 tunc
1747 954 2014 996 consciencia

258 1039 348 1068 non
386 1027 535 1081 potest
574 1040 671 1068 esse
713 1040 844 1081 pura,
885 1039 983 1079 ymo
1021 1025 1278 1080 gravissime
1317 1025 1565 1072 surdidata,
1614 1025 1682 1066 vel
1725 1026 1789 1066 est
1821 1025 2012 1071 dubium,

260 1099 409 1140 utrum
441 1098 536 1153 ipse
575 1098 703 1152 fregit
746 1100 897 1140 votum
937 1099 980 1138 91
1020 1097 1319 1139 iuramentum
1361 1099 1406 1138 91
1438 1098 1543 1138 111119
1574 1109 1723 1138 verum
1761 1098 1825 1137 est
1857 1095 2013 1143 dicere,

0 1230 10 1248 '
259 1170 392 1224 quod,
425 1169 510 1210 nisi
542 1169 686 1216 saciat,
721 1170 840 1223 quod
874 1168 1050 1219 iuravit,
1090 1168 1183 1222 ipse
1217 1170 1284 1209 est
1316 1168 1520 1222 periurus
1553 1170 1596 1209 et
1627 1167 1786 1208 fractor
1819 1166 1904 1208 voti
1939 1201 1945 1207 .
1972 1198 2013 1206 ..

0 1248 12 1287 ἓ
378 1253 436 1309 [3]
502 1253 767 1294 Potestas.
832 1253 900 1294 113
937 1253 1132 1306 potestas
1173 1251 1348 1304 proprie.
1387 1263 1411 1291 3
1443 1251 1533 1291 Deo
1566 1250 1668 1291 data
1706 1250 1770 1290 est
1810 1249 1861 1289 ad
1895 1247 2015 1289 edifi-

190 1327 243 1368 15
260 1325 486 1368 cacionem
520 1323 703 1366 ecclesie
736 1338 826 1366 non
859 1322 1211 1365 destruccionem
1236 1354 1244 1362 .
1270 1354 1278 1362 .
1305 1353 1312 1362 .
1347 1321 1400 1362 Et
1422 1321 1523 1362 inde
1547 1320 1750 1361 scribitur
1773 1319 1816 1360 in
1839 1332 2016 1367 canone,

261 1397 382 1451 quod
415 1397 576 1438 Petrus
617 1408 717 1438 cum
757 1395 873 1436 sedis
907 1394 1135 1448 privilegio
1176 1407 1263 1434 non
1302 1391 1514 1447 accepit&
1554 1390 1774 1432 licenciam
1813 1389 2015 1442 peccandi

262 1468 340 1511 sed
373 1468 686 1510 necessitatem
720 1465 1026 1509 benefaciendi
1060 1497 1067 1505 .
1094 1500 1101 1506 .
1127 1494 1136 1504 .
1170 1465 1357 1514 Quando
1391 1463 1507 1503 enim
1546 1475 1662 1515 papa
1693 1460 1882 1502 destruit
1914 1457 2016 1510 eaf)‚

263 1553 350 1595 que
382 1539 452 1582 sui
483 1539 824 1594 predecessores
868 1538 1228 1583 construxerunt,
1268 1548 1355 1577 non
1394 1534 1522 1575 debet
1562 1533 1706 1574 vocari
1746 1532 2017 1572 constructor

264 1612 342 1654 sed
375 1624 555 1653 eversor
590 1642 598 1652 .
636 1643 644 1651 .
681 1642 689 1651 .
728 1610 883 1651 Ymmo
917 1622 1005 1650 non
1047 1609 1149 1649 11991
1191 1606 1273 1648 sibi
1307 1605 1530 1659 presidere
1571 1605 1616 1645 in
1649 1602 1854 1645 cathedra
1886 1601 2016 1649 Petri,

190 1685 248 1727 ΞΟ
263 1683 348 1725 11151
382 1696 537 1725 01111195
564 1682 749 1723 conatus
773 1694 878 1722 suos
901 1681 973 1722 ille
998 1693 1141 1729 cause,
1175 1691 1253 1731 per
1276 1691 1405 1731 quam
1431 1677 1547 1718 salus
1571 1673 1751 1716 ecclesie
1775 1672 2015 1721 infestatur,

262 1754 538 1809 impendatg)
575 1786 583 1795 .
619 1788 627 1796 .
665 1785 673 1794 .
723 1753 777 1793 Et
809 1752 912 1793 inde
954 1751 1105 1793 dicunt
1139 1748 1441 1791 111110991191115,
1475 1745 1691 1788 Ostiensis
1724 1746 1766 1785 et
1798 1743 2016 1785 Johannes

261 1827 456 1877 Andree,
490 1825 631 1880 quod,
665 1825 700 1866 si
734 1824 952 1878 precipiat
983 1823 1050 1864 vel
1084 1821 1213 1863 faciat
1245 1819 1431 1872 aliquid,
1477 1818 1529 1858 de
1562 1830 1647 1870 quo
1680 1814 1861 1856 ecclesia
1893 1825 2017 1853 scan-

263 1898 493 1950 dalizetur,
527 1911 616 1939 non
650 1898 716 1938 est
749 1895 832 1937 sibi
863 1894 1177 1943 obediendum,
1218 1891 1321 1945 quin
1353 1903 1496 1943 ymmo
1527 1887 1608 1934 illi,
1642 1886 1715 1940 qui
1749 1884 1833 1926 sibi
1865 1884 1908 1924 in
1941 1882 2015 1923 tali

263 1983 397 2013 931153
444 1969 685 2020 obediunt,
732 1966 979 2008 mortaliter
1027 1965 1164 2006 Deum
1213 1962 1438 2005 offendunt
1471 1991 1479 2000 .
1515 1970 1566 2000 .·.
1629 1957 1684 1998 Et
1730 1955 1831 1997 inde
1871 1953 2017 1994 dicunt

191 2042 247 2083 25
263 2042 479 2094 doctores,
519 2041 652 2094 quod,
697 2039 799 2081 licet
838 2037 883 2079 in
924 2034 1326 2087 condempnacione
1363 2031 1628 2085 prelatorum
1660 2028 1806 2069 certus
1837 2036 2017 2076 magnus

264 2126 477 2155 numerus
511 2113 568 2153 sit
600 2107 825 2163 testiumh)
850 2108 1138 2157 necessarius7
1171 2107 1215 2147 in
1239 2101 1637 2156 condempnacione
1656 2110 1767 2152 pape
1799 2094 2019 2137 sufficiunt

264 2185 350 2227 duo
382 2184 452 2226 vel
483 2185 587 2235 tres,
621 2182 739 2236 quia,
773 2180 896 2222 sicud
919 2179 1101 2233 legimus
1135 2178 1187 2218 de
1211 2175 1424 2225 Lucifero,
1457 2171 1531 2226 qui
1562 2168 1814 2225 presidebat
1842 2163 2018 2217 collegio

263 2256 536 2309 angelorum,
567 2253 629 2296 ita
651 2266 781 2307 papa,
815 2251 892 2306 qui
915 2250 1111 2305 presidet
1134 2245 1369 2289 universali
1392 2242 1585 2292 ecclesie,
1618 2242 1683 2281 est
1711 2238 1804 2280 sine
1828 2234 2017 2277 remedio

269 2326 668 2381 condempnandus
692 2324 817 2366 sicud
840 2322 1040 2365 diabolus
1067 2353 1075 2362 .
1096 2355 1104 2362 .
1125 2352 1134 2361 .
1168 2319 1223 2360 Et
1255 2318 1337 2358 ista
1368 2313 1665 2357 indubitanter
1695 2308 1857 2351 habent
1879 2307 2018 2348 locum

193 2397 311 2442 30in
343 2410 474 2452 papa,
518 2397 591 2451 qui
628 2396 789 2438 scisma
819 2394 1020 2436 faciendo
1052 2392 1120 2433 vel
1153 2384 1431 2441 nutriendoi)
1462 2384 1615 2427 incidit
1647 2382 1692 2423 in
1723 2377 1908 2421 heresim
1942 2407 1983 2416 ..
2009 2408 2016 2415 .

383 2480 442 2537 [4]
506 2480 764 2522 Secunda.
829 2476 981 2520 Sancti
1028 2476 1227 2517 doctores
1275 2471 1446 2520 dicunt,
1500 2466 1639 2520 quod,
1686 2461 1860 2516 quando
1906 2470 2019 2511 papa

269 2552 426 2594 incidit
458 2552 506 2594 in
536 2550 729 2594 heresim
761 2550 849 2592 iam
882 2547 1180 2600 dampnatam,
1215 2556 1302 2585 non
1326 2543 1392 2583 est
1414 2536 1659 2581 necessaria
1681 2533 1763 2576 alia
1786 2530 2020 2580 condemp-

264 2624 406 2676 nacio,
440 2624 547 2677 quia
578 2635 630 2664 eo
662 2622 760 2677 ipso
793 2624 860 2662 est
893 2621 1035 2661 minor
1067 2626 1329 2670 quocunque
1363 2610 1574 2653 catholico
1607 2639 1615 2647 .
1651 2638 1659 2647 .
1693 2635 1703 2644 .
1748 2603 1874 2645 Nunc
1906 2598 2019 2640 enim

263 2692 466 2749 verumk)
505 2695 573 2737 est
605 2693 772 2744 dicere,
812 2691 933 2746 quod
970 2702 1110 2744 papa,
1149 2686 1223 2740 qui
1255 2680 1397 2737 facit¹)
1434 2683 1477 2722 et
1514 2678 1650 2720 nutrit
1682 2674 1836 2716 scisma
1872 2670 2020 2711 contra

193 2769 416 2811 35votum
454 2766 498 2808 et
540 2765 854 2813 iuramentum,
916 2759 1070 2802 incidit
1117 2757 1163 2799 in
1203 2754 1391 2797 heresim
1437 2751 1523 2792 iam
1570 2746 1870 2799 dampnatam,
1917 2738 2019 2815 quia

265 2836 427 2880 scisma
459 2837 601 2880 solum
636 2834 842 2889 differtm)
874 2833 929 2875 ab
960 2829 1106 2873 heresi
1137 2828 1184 2869 in
1214 2822 1441 2880 principio.
1495 2820 1605 2861 Nam
1641 2813 1854 2866 heresis¹¹)
1885 2810 1927 2851 in
1951 2821 2017 2850 sui

384 3013 414 3049 a)
453 3012 534 3048 quid
549 3012 578 3040 0.
614 3011 649 3045 b)
668 3009 756 3038 Fehzt
776 3009 815 3035 D.
857 3007 886 3042 c)
906 3006 1018 3034 essent
1031 3005 1067 3031 Β.
1111 3003 1143 3037 (1)
1163 3000 1249 3029 Fehlt
1268 3000 1306 3027 D.
1350 2998 1378 3031 e)
1399 2992 1564 3029 acceperit
1578 2992 1606 3020 C'.
1646 2992 1668 3023 1)
1689 2987 1759 3016 Fehl
1774 2988 1803 3014 D
1847 2986 1878 3019 g)
1898 2983 2017 3034 impon-

264 3060 342 3090 neat
360 3061 389 3089 0.
419 3060 454 3095 h)
474 3059 563 3088 Fehlt
583 3059 621 3086 B.
657 3057 680 3092 i)
700 3056 754 3084 vel
774 3053 951 3083 nutriendo
970 3051 1051 3087 fehlt
1070 3051 1107 3079 B.
1144 3049 1178 3084 k)
1199 3047 1283 3076 enim
1302 3044 1381 3082 fehlt
1401 3044 1439 3079 B,
1460 3042 1500 3078 0;
1518 3041 1569 3067 est
1588 3044 1700 3066 verum
1719 3036 1757 3070 B,
1778 3034 1805 3061 0.
1842 3031 1863 3067 l)
1884 3030 1961 3058 seclt
1980 3028 2017 3055 D·

263 3109 308 3146 m)
330 3107 442 3137 differt
461 3107 572 3136 solum
590 3107 630 3134 D.
666 3105 700 3140 n)
720 3103 808 3132 Fehlt
828 3102 858 3130 0.
