2216 3432
204 170 288 212 356
518 177 580 213 111.
607 175 806 210 Abschnitt.
856 171 1130 218 Vox-geschichte
1156 171 1216 206 des
1243 171 1469 205 Konstanzer
1492 170 1653 207 Konzils.
1679 176 1682 179 ’

203 285 546 328 ambaxiatorem
594 295 724 324 suum
771 281 857 322 huc
904 277 1088 320 missum
1134 276 1240 319 fecit
1287 276 1452 330 requiri
1499 275 1726 318 dominum
1774 276 1973 318 nostrum

202 369 363 411 papam
395 356 438 396 et
468 354 686 395 illustrem
718 363 865 404 regem
897 349 1154 401 Aragonum
1186 348 1241 389 de
1276 348 1430 389 mutua
1454 346 1754 389 convencione
1775 345 1975 400 ipsorum

204 440 282 482 pro
314 424 543 467 tractando
592 424 634 464 et
680 420 949 463 conferendo
996 419 1050 460 de
1099 418 1397 460 ecclesiastica
1444 417 1624 458 unione.
1696 416 1841 471 Super
1887 429 1976 470 quo

203 497 381 538 tandem
423 494 574 536 habita
613 491 935 534 deliberacione
976 490 1090 531 inter
1138 488 1366 529 domiuum
1415 490 1618 529 nostrum
1661 488 1706 529 et
1748 487 1976 530 dominum

208 581 350 621 regem
403 565 656 617 Aragonum
710 562 1009 604 deliberarunt
1058 559 1233 601 mittere
1287 571 1497 601 comunes
1550 558 1873 600 ambaxiatores
1921 557 2018 600 ad5

207 637 429 679 dominum
479 647 622 688 regem
666 634 983 682 Romanorum,
1034 631 1110 683 qni
1162 630 1326 671 babent
1374 629 1418 670 in
1462 628 1683 670 mandatis
1724 628 1977 670 nullatenus

207 708 531 763 apropinquare
581 705 695 745 dicte
744 701 1087 755 congregacioni.
1142 700 1223 741 nisi
1274 701 1383 742 sorte
1435 700 1491 740 ad
1539 699 1978 754 contradicendum)

208 778 375 827 eidem,
421 778 656 830 propterea
696 774 880 822 videtur,
921 773 1054 825 quod,
1095 773 1310 824 qnantum
1352 770 1566 823 possibile
1607 770 1750 822 suerit,
1790 769 1846 811 sit
1877 782 1978 823 pro-

208 849 449 890 hibendum
498 849 540 887 et
590 846 850 899 possetenus
898 843 1164 890 evitandum,
1218 843 1261 882 ut
1304 841 1450 882 nullus
1489 841 1544 882 ad
1587 841 1748 882 dictam
1796 853 1978 894 congre·

209 920 433 973 gacionem
458 918 649 961 accedat,
684 915 869 957 maxime
895 914 969 961 illi,
1003 913 1076 966 qni
1102 913 1283 953 credunt
1309 912 1472 954 habere
1495 912 1767 954 voluntatem
1791 910 1979 953 nocendi
1997 911 2051 954 10

212 989 366 1044 pocius
398 1002 530 1042 quam
562 986 833 1042 pr‹‘›ti‹·iendi.

329 1060 415 1101 Sed
456 1060 596 1112 potest
647 1056 966 1097 rationabiliter
1008 1054 1183 1095 suaderi
1226 1056 1269 1095 et
1312 1053 1551 1108 procurari,
1595 1054 1715 1107 quod
1757 1052 1831 1094 fiat
1873 1066 1979 1095 con-

208 1130 404 1184 gregacio
429 1130 698 1183 prelatorum
719 1127 762 1168 in
781 1127 965 1168 Francia
991 1127 1045 1166 ad
1071 1125 1477 1178 recognoscendum
1501 1137 1758 1178 processum
1780 1123 1980 1177 iniquum

210 1203 370 1243 factum
411 1201 453 1241 in
498 1198 838 1251 congregacione
887 1197 1059 1238 l'isana.
1130 1196 1239 1237 Nam
1282 1196 1317 1236 si
1361 1195 1607 1249 recognitus
1649 1194 1778 1236 suerit
1817 1197 1860 1236 et
1901 1207 1981 1249 per

210 1285 420 1325 personas
466 1270 635 1310 iusticie
674 1271 716 1309 et
755 1268 950 1309 veritatis
989 1267 1152 1308 amicas
1191 1267 1480 1317 examinatus,
1524 1265 1677 1320 procul
1712 1266 1847 1307 dubio
1881 1266 2050 1319 rep-15

209 1342 403 1395 perietur
435 1341 563 1389 clare,
597 1340 716 1392 qnod
752 1339 829 1380 fnit
863 1338 1007 1379 nullus
1042 1353 1089 1378 ar
1125 1351 1358 1391 perperam
1391 1339 1433 1378 et
1466 1337 1615 1390 inique
1655 1339 1806 1378 contra
1839 1337 1979 1378 Deum

210 1415 252 1454 et
295 1412 522 1453 iusticiam.
581 1412 731 1451 contra
779 1423 908 1451 omne
966 1409 1031 1450 ius
1082 1411 1126 1450 et
1174 1421 1349 1450 omnem
1398 1408 1638 1461 equitatem
1687 1407 1731 1449 in
1773 1420 1981 1461 magnum

211 1483 520 1524 detrimentum
564 1481 737 1523 unionis
785 1480 966 1522 ecclesie
1007 1481 1050 1521 et
1088 1479 1229 1521 torius
1271 1478 1373 1521 fidei
1414 1479 1627 1520 catholice
1666 1479 1981 1532 attempnatus,

211 1554 327 1594 unde
375 1554 694 1605 consequenter
738 1552 993 1598 deducetur,
1043 1551 1162 1603 quod
1207 1550 1429 1591 restitucio
1470 1549 1725 1591 obediencie
1764 1549 1808 1590 in
1849 1562 1982 1602 regno

210 1624 391 1665 Francie
438 1624 517 1663 erit
562 1623 736 1663 domino
785 1624 935 1663 nostro
985 1621 1233 1663 necessario
1284 1620 1497 1663 facienda.
1563 1621 1661 1671 Qua
1704 1619 2054 1662 restitucioneeo

216 1696 328 1735 facta
362 1696 528 1747 pateret
565 1694 631 1734 ria
665 1693 842 1734 evidens
875 1694 929 1733 ad
964 1693 1172 1734 unionem
1207 1692 1549 1734 ecclesiasticam
1583 1691 1908 1745 procurandam
1941 1691 1984 1732 et

214 1767 344 1806 dante
379 1764 555 1805 domino
589 1764 962 1816 consequendam.
1901 1749 1905 1754 ¹

333 1836 381 1876 Et
418 1836 471 1876 ad
505 1835 663 1876 dirtam
697 1835 1033 1876 restitutionem
1056 1834 1301 1876 sariendam
1334 1832 1501 1875 domini
1534 1832 1668 1874 duces
1702 1834 1745 1873 et
1768 1831 1841 1874 alii
1865 1844 1986 1885 mag-

213 1907 334 1946 nates
359 1906 519 1946 debent
545 1905 870 1946 racionabiliter
894 1906 1094 1947 inclinari
1119 1920 1169 1947 ex
1194 1919 1259 1956 e0,
1293 1905 1410 1958 quia,
1444 1906 1487 1945 et
1510 1904 1545 1945 si
1570 1904 1780 1945 hactenus
1804 1903 1986 1956 propter

212 1976 507 2017 infirmitatem
540 1976 706 2017 domini
741 1977 853 2027 regis·
888 1991 935 2017 ar.
968 1977 1162 2029 regimen
1198 1975 1317 2029 regni
1342 1989 1421 2029 per
1444 1975 1553 2017 alios
1577 1974 1802 2016 detentum
1825 1972 1986 2027 ipsius·
2000 1973 2055 2015 25

214 2060 298 2099 que
348 2047 465 2099 regni
514 2046 818 2088 turbat-ioman
859 2049 898 2088 et
942 2047 1201 2091 divisionem
1243 2047 1298 2088 de
1338 2047 1562 2087 subtracta
1609 2044 1786 2086 domino
1833 2044 1985 2085 nostro

215 2117 474 2158 obediencia
507 2120 686 2170 possent
723 2118 914 2171 aliquam
947 2118 1282 2159 excusacionem
1311 2117 1587 2171 pretendere,
1610 2129 1662 2158 ex
1686 2128 1802 2157 nunc
1824 2116 1986 2165 tamen,

219 2201 316 2228 cum
350 2187 392 2227 in
426 2201 576 2229 eorum
610 2189 746 2229 libera
781 2190 1002 2241 potestate
1035 2189 1152 2230 istud
1187 2190 1425 2239 remaneat,
1459 2188 1626 2241 quanto
1658 2185 1758 2240 plus
1790 2185 1987 2227 retarda-

220 2258 332 2299 bunt
379 2258 680 2299 obedienciam
729 2259 997 2301 subtractam
1049 2259 1293 2310 restituere,
1349 2260 1473 2299 tanto
1522 2257 1667 2300 minus
1714 2255 1987 2298 excusabiles

215 2327 470 2380 efficientur,
514 2329 751 2381 quominus
790 2330 1038 2371 sentencias
1078 2332 1121 2372 et
1159 2343 1298 2384 penas
1339 2342 1473 2383 super
1515 2328 1598 2370 hoc
1646 2327 1701 2370 de
1743 2326 1836 2369 iure
1875 2326 1987 2368 latas
2003 2327 2060 2370 30

215 2398 451 2450 incurrant,
485 2400 601 2450 item,
635 2400 752 2453 quia,
787 2400 899 2442 sicut
931 2401 1014 2442 sibi
1047 2401 1211 2443 dictum
1244 2400 1340 2451 fuit,
1372 2398 1677 2442 honorabilius
1709 2397 1792 2440 erit
1824 2396 1913 2451 regi
1945 2396 1989 2437 et

216 2482 364 2521 regno,
398 2470 516 2522 quod
549 2484 627 2524 per
660 2484 707 2511 se
740 2470 860 2523 ipsos
894 2471 1199 2514 obedienciam
1233 2472 1482 2523 restituant,
1516 2482 1651 2525 quam
1683 2481 1763 2523 per
1794 2481 1841 2509 se
1866 2467 1988 2521 ipsos

217 2540 539 2591 subtraxerunt,
584 2553 716 2594 quam
758 2541 793 2581 si
833 2536 1018 2583 aliorum
1066 2543 1270 2596 exemplo
1314 2542 1381 2585 vel
1413 2539 1702 2596 persuasione
1734 2536 1988 2581 commoniti

216 2608 261 2650 id
283 2609 569 2663 imposterum
603 2611 815 2652 ducerent
848 2611 1114 2664 faciendum,
1148 2613 1337 2654 maxime
1360 2625 1460 2654 cum
1483 2611 1538 2653 ad
1560 2611 1607 2653 id
1629 2609 1796 2653 domini
1818 2604 1989 2664 regesb)

217 2680 260 2720 et
299 2679 448 2733 regina
501 2694 579 2734 pro
627 2694 674 2722 se
723 2683 765 2722 et
812 2681 962 2723 liberis
1009 2683 1261 2737 obligentur
1307 2696 1360 2724 ex
1414 2684 1569 2725 tenore
1615 2679 1989 2724 confederacionis
2004 2678 2060 2722 35

218 2749 438 2791 mediante
486 2751 733 2792 iuramento
781 2752 886 2794 inite
935 2766 1035 2795 cum
1083 2753 1263 2796 domino
1311 2754 1462 2796 nostro
1507 2764 1639 2807 papa,
1692 2763 1826 2806 quam
1871 2749 1990 2792 idem

219 2819 423 2861 dominus
456 2823 605 2862 noster
636 2821 698 2863 eis
731 2822 920 2864 fideliter
951 2824 1153 2866 servavit.
1216 2825 1378 2866 Verum
1410 2823 1461 2876 si,
1494 2822 1616 2877 quod
1647 2819 1780 2874 absit,
1815 2821 1990 2863 tantum

219 2888 274 2930 sit
296 2890 340 2930 in
362 2891 542 2943 negocio
575 2904 846 2946 processum,
883 2894 1003 2947 quod
1025 2894 1248 2948 prohiberi
1269 2895 1477 2949 nequeat,
1500 2892 1608 2948 quin
1630 2891 1778 2947 alique
1798 2902 1990 2947 persone

337 3051 368 3087 a)
389 3052 628 3082 condicendam
648 3055 723 3090 Req.
758 3055 793 3090 b)
814 3062 881 3091 reg.
899 3056 959 3084 mit
977 3055 1320 3093 Abkarzuuouaedclmo
1339 3057 1414 3095 Boo·
