2216 3432
0 996 25 1075 μ’...
0 876 23 987 φακες

407 155 449 194 Β.
474 154 541 191 Die
564 154 628 190 der
653 154 793 190 Pau-iser
818 155 1036 192 Universitat
1058 157 1288 203 vorgelogten
1314 158 1574 204 Reformpliine.
1615 161 1716 198 1411.
1755 161 1816 196 Nr.
1843 162 1898 198 32.
1972 154 2054 195 133

271 264 421 320 potest
463 276 517 306 ex
557 261 686 306 malis
724 263 770 305 et
810 261 1241 316 inconvenientibus,
1281 277 1368 318 que
1405 265 1694 318 oriuntur-et
1726 268 1832 310 oriri
1865 271 2051 322 possunt

272 349 326 378 ex
365 334 505 390 ipsius
544 334 806 380 omissione,
848 335 896 376 ut
935 333 982 376 in
1028 335 1283 390 precedenti
1332 337 1497 379 tactum
1546 339 1627 388 est,
1675 351 1726 380 ex
1774 338 1917 391 bonis,
1965 332 2052 394 que

271 408 484 450 secuntur
526 420 579 449 ex
615 405 756 460 ipsius
800 404 1138 459 adimplecione,
1186 419 1273 460 que
1322 406 1656 461 dispendiosum
1699 411 1817 450 esset
1855 423 2049 453 narrare.

270 477 396 521 Dicta
427 477 491 534 (Ρ)
523 477 630 520 sunt
660 475 882 530 paternali
915 477 958 518 et
989 476 1218 520 caritativa
1249 477 1507 520 visitacione
1538 477 1834 521 visitantibus.

230 551 254 592 5
389 549 433 605 [ξ
466 549 512 605 3]
575 549 688 591 Item
731 546 939 589 offeratur
977 549 1148 601 prefato
1188 548 1375 591 concilio
1420 549 1532 590 alius
1572 550 1753 604 quidam
1791 551 2052 594 tractatulus

270 622 363 663 tam
395 620 441 662 in
475 620 634 662 Latino
667 632 801 673 quam
839 618 885 660 in
918 618 1087 662 Gallico
1130 620 1404 674 compositus
1448 621 1644 662 tractans
1689 621 1742 663 de
1774 622 2052 675 generalibus

269 693 419 734 nostre
450 690 555 733 fidei
586 703 666 746 per
699 690 953 748 facultatem
978 689 1198 744 theologie
1222 690 1347 744 prius
1369 692 1519 732 tamen
1542 691 1900 747 examinandusss)
1924 696 1980 745 et,
2014 695 2051 736 si

268 776 382 817 opus
425 762 573 811 fuerit,
616 761 928 815 corrigendus,
977 761 1183 804 addendo
1232 762 1275 803 et
1322 761 1611 805 diminuendo
1655 765 1735 805 etc.
1782 765 1828 805 ut
1868 763 2050 817 singulis

269 832 626 888 metropolitanis
666 834 710 874 et
753 831 973 887 episcopis
1013 832 1389 884 communicetur,
1434 835 1482 875 ut
1525 834 1682 875 exinde
1721 847 1800 887 per
1842 835 2050 888 dyoceses

201 907 253 949 10
269 918 350 959 per
394 917 469 947 eos
509 904 646 947 verbo
688 906 731 946 et
771 903 936 957 scripto
978 904 1243 959 publicetur.
1323 904 1448 946 Istud
1491 905 1681 946 multum
1715 906 1911 959 expedit,
1952 919 2050 959 ymo

267 975 396 1031 quasi
430 975 742 1026 necessarium,
777 988 875 1017 cum
907 974 951 1016 in
986 974 1190 1028 pluribus
1226 974 1331 1017 locis
1365 977 1408 1017 et
1441 975 1702 1029 dyocesibus
1736 989 1868 1030 quam
1900 978 2049 1031 plures

267 1058 414 1098 ymmo
446 1047 573 1102 quasi
605 1046 829 1088 innumeri
869 1045 1178 1097 inveniuntur,
1221 1047 1298 1100 qui
1342 1047 1414 1088 vix
1455 1046 1621 1100 aliquid
1664 1048 1717 1089 de
1753 1048 1844 1089 Deo
1887 1047 2050 1090 intelli—

266 1120 376 1172 gunt
421 1120 497 1160 aut
538 1119 591 1161 de
631 1116 723 1160 suis
763 1117 960 1160 articulis
1009 1117 1065 1159 ad
1104 1118 1292 1160 salutem
1340 1117 1626 1169 necessariis,
1675 1131 1820 1169 ymmo
1863 1119 2049 1172 videtur,

266 1190 387 1244 quod
424 1189 485 1231 hii
524 1191 742 1232 tractatus
782 1189 846 1231 sic
883 1188 1070 1230 correcti
1113 1191 1157 1230 et
1190 1189 1442 1241 examinati,
1485 1190 1535 1230 ut
1567 1189 1809 1244 prefertur,
1849 1204 1900 1232 ex
1934 1204 2051 1232 nunc

198 1262 249 1305 15
266 1261 322 1303 ad
362 1261 558 1315 singulos
597 1260 830 1315 episcopos
874 1259 1124 1312 mittantur,
1166 1262 1213 1302 ut
1252 1260 1298 1302 in
1339 1260 1545 1302 omnibus
1588 1259 1735 1317 locisb)
1781 1263 1823 1302 et
1866 1261 2049 1314 singulis

265 1331 355 1374 suis
388 1331 576 1374 subditis
608 1332 1003 1374 communicentur.
1020 1330 1055 1386 1)

385 1402 428 1458 [ξ
461 1403 510 1458 4]
575 1404 687 1445 Item
725 1405 776 1444 ut
816 1402 861 1444 in
904 1401 1074 1456 prefato
1113 1402 1298 1445 concilio
1340 1403 1521 1446 omnino
1565 1403 1836 1445 deliberetur
1868 1406 1913 1446 et
1946 1417 2049 1446 con-

265 1474 471 1516 cludatur
505 1488 530 1516 a
562 1473 740 1516 domino
771 1486 888 1528 papa
920 1475 963 1515 et
995 1473 1180 1516 concilio
1213 1474 1405 1528 generali
1439 1487 1520 1528 pro
1554 1474 1701 1517 debita
1730 1475 2048 1518 informacione

265 1545 451 1587 ecclesie
499 1545 685 1587 Francie
732 1547 886 1599 petere
936 1544 1195 1598 ampliorem
1237 1546 1506 1599 potestatem
1554 1558 1634 1599 pro
1678 1546 2047 1599 metropolitanis,

193 1620 249 1661 ΞΟ
265 1629 397 1670 quam
430 1630 549 1658 nunc
580 1616 749 1658 habent
790 1630 842 1657 ex
880 1616 976 1657 iure
1017 1615 1182 1669 scripto
1226 1616 1342 1658 circa
1381 1630 1510 1659 casus
1553 1619 1801 1659 reservatos
1841 1617 1886 1658 in
1926 1618 2048 1659 curia

262 1687 464 1729 Romana
497 1690 588 1729 tam
619 1687 665 1728 in
688 1687 782 1729 foro
806 1687 1056 1741 penitencie
1079 1694 1212 1740 quam
1222 1689 1255 1742 ⁰)
1287 1688 1334 1729 in
1356 1687 1450 1730 foro
1473 1688 1653 1741 publico
1678 1688 1973 1730 ecclesiastico
1998 1690 2046 1730 ut

263 1758 379 1800 circa
421 1758 904 1801 excommunicaciones
944 1760 986 1800 01
1025 1759 1377 1812 irregularitates
1421 1762 1465 1801 et
1504 1759 1629 1810 festa,
1673 1772 1758 1813 quo
1799 1759 1853 1801 ad
1892 1773 2045 1801 eorum

262 1828 624 1882 diminucionem,
659 1832 701 1872 et
735 1829 876 1883 litigia
909 1829 1155 1872 decidenda
1187 1843 1268 1871 seu
1302 1843 1472 1882 causas,
1506 1844 1594 1884 qua
1628 1830 1851 1872 mediante
1874 1830 2047 1884 possint

261 1913 362 1942 cum
386 1900 478 1942 suis
502 1900 795 1955 suffraganeis
819 1903 862 1943 et
880 1901 1067 1944 concilio
1086 1901 1336 1954 providere,
1361 1903 1410 1942 ut
1428 1901 1653 1955 provincie
1672 1901 1895 1944 videbitur
1913 1915 2044 1956 expe·

190 1977 245 2018 25
262 1972 401 2023 diens,
421 1972 482 2014 ita
502 1972 622 2026 quod
645 1986 697 2014 ea
719 1973 942 2014 mediante
965 1974 1155 2026 possunt
1178 1972 1508 2026 metropolitani
1526 1974 1657 2014 modo
1675 1974 1792 2015 tacto
1810 1973 2044 2027 providere

262 2042 346 2084 nisi
379 2042 425 2084 in
457 2042 632 2085 casibus
666 2044 761 2084 sedi
795 2043 1036 2096 apostolice
1069 2043 1320 2095 reservatis,
1354 2043 1522 2086 scilicet
1554 2045 1825 2097 enormibus,
1858 2044 2046 2097 publicis

261 2115 305 2156 et
338 2113 590 2169 notoriis.2)
653 2115 743 2156 Iste
775 2114 990 2157 articulus
1031 2116 1098 2156 est
1129 2114 1174 2155 in
1207 2115 1402 2168 generali
1434 2115 1621 2157 concilio
1662 2129 1741 2170 per
1773 2116 1967 2168 prelatos
2000 2118 2044 2158 01

259 2184 594 2228 universitatem
627 2185 854 2228 humiliter
886 2186 1106 2239 petendus
1145 2188 1188 2227 et
1233 2187 1570 2240 prosequendus
1612 2189 1656 2229 et
1689 2187 1865 2228 fundari
1898 2189 2045 2240 potest

260 2269 313 2297 ex
345 2255 765 2298 inconvenientibus
798 2258 844 2298 et
875 2257 1105 2311 periculis,
1148 2271 1234 2311 que
1268 2260 1480 2299 secuntur
1513 2272 1566 2299 ex
1598 2260 1723 2300 tanta
1755 2257 2044 2310 restrictione,

189 2332 246 2374 30
259 2340 313 2369 ex
345 2326 482 2369 nimia
515 2327 779 2370 difficultate
812 2329 868 2370 ad
900 2328 1068 2370 curiam
1102 2328 1366 2380 accedendi,
1407 2342 1495 2383 que
1536 2329 1676 2370 oritur
1708 2329 1779 2371 vel
1823 2343 1874 2370 ex
1917 2329 2044 2383 inpo—

375 2468 407 2503 a)
433 2467 642 2496 examinatus
668 2469 705 2496 B.
743 2469 776 2503 b)
803 2468 888 2496 locis
914 2469 995 2503 fehlt
1022 2470 1059 2496 B.
1098 2470 1128 2504 c)
1149 2470 1207 2497 Bci
1226 2470 1255 2497 B
1280 2470 1362 2504 fehlt
1382 2470 1415 2497 in
1435 2470 1507 2498 foro
1528 2469 1713 2505 penitencie
1734 2477 1841 2504 quam.
1886 2469 1947 2504 Vol.
1969 2468 2045 2504 Cap.

257 2515 373 2550 agend.
392 2516 477 2550 Kap.
497 2518 538 2542 19.

380 2576 408 2619 ¹)
435 2574 571 2609 Sowcit
605 2575 935 2611 iibereinstimmeml
964 2578 1027 2612 mit
1054 2577 1146 2624 Καρ.
1174 2578 1192 2612 1
1226 2579 1290 2612 cler
1327 2578 1412 2623 Cap.
1447 2578 1572 2623 agend.
1624 2577 1702 2611 Nur
1733 2578 1782 2611 ist
1804 2578 1839 2610 ‘in
1868 2578 2043 2611 lctztcrcm

265 2633 406 2669 Gerson
438 2635 505 2668 als'
530 2634 722 2674 Verfasser
754 2642 920 2681 yenannt.
983 2636 1124 2672 Ger-son.
1161 2642 1260 2683 saytc
1293 2638 1360 2683 auf
1389 2637 1465 2672 (lem
1502 2637 1663 2671 Reimscr
1694 2636 1824 2670 Konsil
1860 2636 1895 2669 in
1927 2636 2045 2669 seiner

188 2694 243 2738 35
260 2692 504 2740 Synodalrede
530 2695 567 2738 (l.
593 2706 623 2728 c.
642 2694 745 2739 549).·
771 2696 851 2730 Fiat
876 2699 1054 2741 postremo
1081 2697 1197 2742 quoad
1223 2697 1288 2731 hoc
1314 2697 1506 2742 publicatio
1533 2697 1751 2741 quorundam
1778 2696 2043 2730 tractatulorum

259 2753 534 2798 compositorum
573 2754 627 2788 vel
659 2755 982 2800 componendorum
1016 2756 1069 2790 vel
1097 2757 1157 2800 qui
1184 2757 1253 2790 iam
1279 2756 1368 2791 forte
1395 2756 1575 2800 compilati
1601 2758 1695 2796 sunt,
1721 2756 1758 2789 in
1785 2756 1913 2799 quibus
1939 2765 2044 2799 genc-

259 2812 344 2846 ralis
370 2815 473 2847 tenor
497 2815 617 2848 nostre
642 2813 725 2848 fidei
753 2816 787 2848 et
812 2817 1058 2859 preceptorum
1086 2818 1120 2849 et
1145 2818 1442 2849 sacramentorum
1479 2826 1556 2848 cum
1583 2814 1757 2848 similibus
1784 2814 2041 2850 contineantur.

382 2871 410 2916 ςΒ)
437 2870 573 2907 Soweit
594 2872 928 2908 iibereinstimmeml
948 2874 1012 2908 mit
1034 2873 1126 2920 Καρ.
1154 2874 1199 2908 19
1222 2874 1287 2909 der
1313 2875 1397 2919 Cap.
1423 2874 1548 2919 agend.
1611 2867 1684 2918 lsql.'
1709 2873 1848 2906 Ger-son
1867 2873 1887 2906 l.
1907 2884 1937 2906 c.
1955 2872 2043 2906 563.-

260 2930 424 2974 Notetur,
451 2932 545 2976 quod
571 2932 628 2966 hic
653 2933 847 2977 expediret,
872 2935 913 2967 ut
937 2934 976 2968 in
1001 2934 1159 2968 conciliis
1186 2934 1462 2978 provincialibus
1489 2935 1583 2967 esset
1600 2933 1710 2966 maior
1726 2933 1896 2966 autoritas
1914 2932 2043 2965 collata

185 2990 280 3033 402
296 3000 391 3036 papa
417 2991 509 3025 circa
534 2991 693 3026 ordinem
720 3002 863 3026 casuum
891 2995 1147 3027 reservatorum
1173 2995 1207 3026 et
1223 2993 1507 3039 irregularitatiS,
1533 2994 1573 3025 ut
1590 2991 1766 3026 salubrius
1786 2991 2038 3036 provideretur.

263 3047 336 3098 qu.
362 3050 452 3084 auch
479 3049 546 3084 Nr.
571 3049 620 3084 35
642 3051 664 3099 §
690 3048 722 3086 7.
