2216 3432
245 163 332 208 350
565 173 627 210 111.
651 171 851 207 Abschnitt.
900 166 1174 216 vorgesehichto
1199 169 1261 204 des
1285 165 1512 204 Konstnnzor
1535 166 1694 205 Konzils.

361 282 523 324 Ultimo
556 294 634 334 ego
672 279 878 333 indignus
915 277 1031 319 filius
1070 278 1114 318 et
1145 275 1331 318 servitor
1360 277 1507 318 vester
1536 275 1761 318 Johannes
1793 269 2025 332 Umberti,¹

244 354 447 407 magister
492 352 536 393 in
584 351 750 392 artibus
799 351 842 390 et
887 347 1149 390 bacallarius
1197 347 1418 389 cursorius
1465 346 1509 388 in
1555 346 1792 401 theologia,
1839 347 2010 390 nullum

243 424 506 467 beneficium
545 421 747 464 obtinens
780 433 849 461 me
881 419 1145 461 recomando
1179 417 1400 459 sanctitati
1430 418 1590 469 vestre,
1627 418 1676 459 ut
1707 417 1863 460 melius
1895 418 2009 462 circa

245 495 452 546 studium,
505 492 757 534 servitutem
808 492 998 531 vestram
1045 491 1087 531 et
1134 489 1247 531 faeta
1299 487 1480 530 ecclesie
1532 487 1790 530 universalis
1841 488 2010 543 possim

244 579 411 607 vacare.
2022 559 2050 602 5

245 752 320 796 94.
374 750 624 792 Instruktion
656 748 874 790 Benedilcts
907 746 980 788 XI
982 747 1032 790 ΙΙ.
1054 751 1139 800 siit·
1169 746 1379 787 Johannes
1417 745 1457 787 U
1458 746 1621 797 rubei-ti,
1655 745 1873 801 betreffind
1901 749 2010 789 scine

244 823 466 877 Anlui'nfser
496 824 539 862 in
573 820 717 862 Paris:
754 819 823 861 Sie
854 820 979 859 sollen
1010 819 1075 859 «lie
1109 817 1419 873 Bestrebunyen
1449 816 1557 857 nach
1591 815 1812 858 Riicklcehr
1842 815 2010 859 Frank-

243 893 370 934 redoles
410 907 484 932 :ur
526 891 728 932 obedienz
777 888 998 931 Benedikts
1034 889 1234 944 forderm
1277 903 1405 943 qeyen
1447 888 1524 928 das
1564 886 1824 930 Konstanzer
1867 887 2012 930 Kcmzil

243 964 330 1004 siclt
362 962 589 1003 ablelmend
620 961 844 1009 verhalten5
882 961 947 1001 die
980 959 1184 1000 Besucloer
1215 959 1285 999 des
1317 958 1487 1000 Konzils
1518 959 1643 1000 sollen
1672 973 1799 1014 yeqzm
1829 958 2010 1001 dasselbe

457 1034 743 1088 protestc'erem
775 1032 949 1073 einzelne
981 1030 1169 1072 Gnaden.
1236 1029 1345 1070 1414
1381 1045 1448 1070 um
1483 1029 1718 1085 September
1748 1029 1788 1070 8.
2027 1032 2081 1073 10

362 1139 433 1173 Ans
464 1138 593 1183 Rayhd.
619 1137 690 1171 55-32
705 1138 774 1183 fol.
800 1136 846 1170 27
873 1137 913 1170 ιἰιι
947 1137 1057 1170 1’(ιτι“Ι.-.
1085 1136 1229 1170 Archiv.

360 1246 673 1288 Instructiones
706 1246 749 1286 et
781 1244 1090 1297 responsiones
1124 1243 1224 1284 date
1257 1256 1308 1285 ex
1338 1245 1462 1297 parte
1486 1243 1652 1284 domini
1674 1243 1813 1285 nostri
1835 1243 2008 1285 cuidam

241 1317 429 1358 Jolmnni
459 1316 653 1358 Umber-ti
687 1315 841 1356 rectori
875 1314 1160 1368 {nu-rocliialis
1193 1315 1375 1356 ecclesie
1408 1314 1462 1356 de
1492 1314 1687 1368 Spordes
1710 1314 2008 1356 Maioricensis

242 1388 425 1429 diocesis
452 1388 641 1430 Pan-isius
671 1387 883 1438 redeunti,
917 1387 991 1440 qui
1015 1386 1069 1427 de
1095 1385 1287 1427 Parisius
1317 1387 1496 1427 venerat
1525 1398 1624 1426 cum
1646 1385 2008 1427 instructionibus

243 1459 488 1500 immediate
521 1459 563 1499 in
597 1458 681 1499 alio
716 1457 818 1500 solio
850 1457 1035 1511 scriptis.
1054 1457 1087 1510 ¹)
2026 1457 2078 1498 15

358 1530 540 1570 Omissis
574 1529 714 1583 primo
746 1530 789 1569 et
821 1528 1016 1569 secundo
1050 1527 1242 1569 articulis
1274 1527 1556 1582 tangentibus
1579 1526 1874 1569 intencionem
1896 1527 2008 1569 anti-

242 1614 354 1653 pape
385 1600 597 1640 Johannis
630 1602 669 1641 et
704 1613 882 1640 suorum
917 1612 966 1640 ac
998 1599 1164 1640 domini
1198 1599 1489 1652 imperatoriS,
1529 1598 1634 1652 quia
1665 1611 1802 1653 opera
1833 1597 2008 1640 illorum

241 1672 481 1723 sequentur
512 1670 642 1723 ipsos.

358 1741 426 1781 Ad
465 1741 667 1792 tercium,
714 1742 834 1794 quod
888 1742 1025 1794 tangit
1073 1741 1276 1782 dominos
1329 1754 1473 1796 regem
1525 1742 1569 1782 et
1620 1739 1730 1782 alios
1779 1753 1831 1782 ex
1874 1739 2007 1782 domo

241 1812 432 1861 Franeie,
467 1812 775 1865 prosequenda
808 1814 874 1853 est
897 1814 1047 1853 sancta
1080 1814 1122 1853 et
1155 1812 1269 1853 iusta
1302 1812 1492 1853 intencio
1525 1811 1806 1853 dominorum
1837 1811 2007 1853 comitis
2022 1811 2080 1853 20

240 1881 486 1923 Armaniaci
519 1884 561 1923 et
593 1882 907 1936 archiepiscopi
942 1883 1211 1924 Senonensis
1243 1884 1286 1924 et
1318 1883 1503 1924 aliorum
1535 1895 1612 1924 eos
1644 1881 1931 1936 Sequencium
1962 1881 2007 1924 in

241 1953 519 1994 restitucione
563 1954 817 1995 obediencie
860 1967 963 1995 vero
1010 1967 1124 2008 pape
1167 1955 1404 2006 subtracte,
1453 1967 1552 1995 cum
1600 1954 1772 1995 constet
1815 1966 1867 1995 ex
1910 1953 2008 2007 ipsa

240 2023 535 2064 subtractione
573 2026 820 2065 cementum
860 2025 1102 2077 sumpsisse
1136 2025 1374 2067 indicibilia
1406 2025 1535 2076 mala,
1568 2037 1655 2078 que
1686 2037 1737 2066 ex
1771 2036 2006 2079 congrega-

240 2093 363 2134 cione
397 2094 556 2135 Pisana
588 2095 860 2147 prodierunt,
901 2108 987 2148 que
1020 2095 1102 2136 sub
1136 2095 1352 2137 velamine
1384 2095 1519 2137 dandi
1550 2108 1705 2149 pacem
1737 2093 1920 2136 ecclesie
1951 2094 2007 2136 de

241 2177 327 2204 uno
368 2164 467 2205 fecit
508 2165 590 2205 tria
622 2166 825 2207 scismata
870 2168 914 2207 et
953 2167 1161 2208 unionem
1202 2166 1384 2208 ecclesie
1423 2165 1700 2207 difficultavit
1736 2164 1781 2206 in
1818 2165 2077 2218 tantum,25

240 2235 358 2286 quod
397 2235 479 2275 nisi
517 2236 694 2288 ydolum
729 2237 816 2278 illic
850 2237 1123 2289 fabricatum,
1165 2237 1286 2291 quod
1325 2250 1443 2278 nunc
1474 2236 1518 2278 in
1549 2235 1764 2278 „Iohannis
1796 2235 2006 2290 antipape

240 2318 428 2357 persona
460 2306 701 2354 exhibetur,
734 2307 913 2349 tollatur
950 2309 1005 2350 de
1045 2308 1204 2360 medio,
1247 2321 1474 2362 nunquam
1512 2307 1682 2349 sincera
1713 2306 1817 2348 unio
1848 2306 1893 2347 in
1926 2305 2005 2348 Dei

239 2375 420 2416 ecclesia
452 2376 757 2429 subsequetur.

356 2446 410 2486 Et
443 2446 524 2487 nisi
556 2461 713 2488 manus
746 2449 825 2490 Dei
858 2450 1016 2491 summi
1049 2450 1431 2505 congregationem
1454 2448 1844 2491 Constanciensem
1865 2448 2004 2503 impe-

240 2515 352 2568 diat,
400 2517 468 2558 vel
510 2518 564 2558 ad
606 2518 751 2560 minus
795 2520 927 2566 corda
966 2521 1053 2562 illic
1090 2520 1452 2562 conveniencium
1491 2519 1722 2570 illuminet,
1761 2518 2004 2561 verendum
2019 2518 2076 2560 30

239 2587 305 2626 est
343 2587 579 2639 plurimum
622 2590 666 2630 et
704 2591 859 2632 merito
902 2591 1248 2644 formidandum,
1297 2591 1419 2645 quod
1459 2590 1623 2633 ibidem
1661 2588 1920 2632 obfirmetur
1960 2590 2006 2631 et

238 2656 456 2698 radicetur
492 2659 650 2701 scisma
691 2661 849 2714 taliter,
888 2662 1009 2715 quod
1042 2662 1225 2705 ulterius
1258 2674 1348 2703 non
1379 2662 1437 2704 sit
1467 2674 1584 2716 speS‚
1617 2661 1738 2715 quod
1769 2659 2004 2703 erradicari

238 2727 378 2779 possit
409 2729 452 2769 et
490 2742 594 2771 vera
633 2731 738 2772 unio
777 2732 821 2773 in
855 2732 934 2775 Dei
972 2733 1156 2775 ecclesia
1194 2733 1503 2787 consequatur.
1567 2731 1900 2774 Prohibendum
1936 2731 2004 2774 est

237 2795 366 2849 igitur
396 2799 439 2839 et
469 2801 732 2852 possetenus
764 2802 1039 2856 evitandum,
1080 2804 1130 2845 ut
1159 2803 1307 2846 nullus
1339 2803 1396 2846 ad
1428 2803 1590 2846 dietam
1621 2801 2003 2857 congregationem

238 2868 428 2921 accedat,
476 2882 574 2911 cum
612 2872 726 2914 vires
763 2873 934 2915 concilii
964 2874 1180 2928 generalis
1211 2874 1376 2917 habere
1406 2874 1600 2929 nequeat
1629 2873 1722 2916 ullo
1751 2871 1900 2926 mod0‚
1932 2870 2004 2914 cui
2016 2870 2073 2914 35

357 3044 383 3086 ¹)
410 3043 488 3078 Das
514 3044 626 3079 heisst
649 3051 754 3080 unten
767 3047 839 3092 sol.
863 3047 922 3082 28.
