2216 3432
224 173 309 214 310
544 178 606 212 111.
633 176 831 211 Abschnitt.
852 192 856 196 ·
882 172 1157 218 Vorgeschichte
1183 172 1244 206 des
1270 172 1492 206 Konstanzer
1516 171 1675 206 Konzils.

224 286 456 330 concilium
490 284 691 339 generale
724 279 1037 325 accedentibus
1070 278 1292 331 veniendi,
1316 277 1464 321 standi
1487 279 1530 320 et
1554 276 1786 330 redeundi,
1811 277 1990 332 quando

227 360 271 400 et
303 356 512 412 quociens
544 353 674 396 suerit
705 354 1021 407 opportunum.

344 439 405 494 [4]
469 437 682 488 Quartum
733 434 852 488 quod
898 434 1030 475 etiam
1077 431 1277 485 prefatus
1322 429 1527 473 dominus
1567 429 1877 473 serenissimus
1915 443 1992 473 rex

228 523 306 564 per
353 511 496 550 terras
548 520 650 548 suas
700 507 904 559 patentes
953 503 1118 545 litteras
1164 501 1342 544 domino
1382 500 1591 555 Gregorio
1636 514 1734 543 cum
1777 502 1871 544 tota
1911 514 1991 543 sua

227 580 350 621 curia
394 578 598 621 comitiva
639 575 844 619 omnibus
878 578 922 616 et
960 574 1145 627 singulis
1179 573 1232 614 de
1270 571 1530 615 obediencia
1561 585 1653 623 sua,
1687 571 2033 626 cuiuscunque5
2096 591 2098 594 ·

229 652 385 700 status,
418 649 577 703 gradus
610 648 678 688 vel
701 645 971 688 condicionis
995 643 1198 695 existant,
1223 642 1494 684 coniunctim
1516 645 1559 684 et
1582 641 1770 695 divisim,
1802 655 1882 684 nec
1904 655 1992 684 non

229 720 319 762 suis
353 717 716 761 ambasiatoribus
749 730 825 758 sen
858 714 1123 761 oratoribus,
1157 714 1193 756 si
1236 713 1330 767 ipse
1378 713 1584 755 dominus
1626 712 1862 767 Gregorius
1904 726 1992 756 non

227 790 409 841 veniret,
472 789 615 830 tradat
666 801 793 829 snum
844 787 1013 828 salvum
1060 786 1329 828 conductum
1380 784 1424 825 in
1467 783 1725 836 sufficienti,
1768 785 1902 839 plena
1942 797 1991 826 ac

228 859 395 902 meliori
433 859 571 901 forma
614 858 819 912 quodque
852 860 995 899 certos
1030 856 1244 898 notabiles
1279 856 1331 897 de
1365 855 1458 896 suis
1491 854 1637 897 mittat
1668 855 1722 898 ad
1757 856 1993 898 levandum

229 931 393 973 dictum
442 929 667 971 dominum
702 928 958 981 Gregorium
999 941 1098 969 cuni
1139 927 1231 968 suis
1266 927 1309 968 in
1344 926 1471 968 metis
1513 925 1693 968 dominii
1726 926 1846 968 ducis
1877 926 1992 968 Aus-
2012 927 2066 968 10

228 1001 313 1043 trie
353 1014 505 1043 versus
539 999 723 1049 Italiam,
756 1000 831 1052 qui
865 999 999 1040 etiam
1034 999 1215 1039 honeste
1248 998 1499 1039 conducant
1538 997 1729 1039 eundem
1765 1010 1905 1051 usque
1938 997 1994 1040 ad

231 1074 371 1114 terras
403 1070 572 1124 imperii
606 1070 673 1111 vel
706 1070 860 1111 saltem
893 1068 1152 1111 obediencie
1186 1082 1278 1115 sue.
1312 1082 1424 1122 quas
1457 1067 1631 1110 duxerit
1663 1067 1899 1121 eligendas.

349 1154 406 1208 [5]
468 1153 681 1203 Quintum
714 1154 831 1205 quod
865 1153 1085 1205 pendente
1108 1154 1299 1193 tractatu
1324 1151 1377 1192 de
1401 1164 1581 1193 accessu
1606 1150 1772 1193 domini
1796 1150 1993 1204 Gregorii

229 1225 296 1266 vel
330 1236 511 1265 suorum
543 1226 765 1264 oratorum
801 1236 896 1263 euin
930 1223 1061 1277 pleno
1094 1226 1137 1264 et
1160 1222 1398 1264 sufficienti
1427 1222 1635 1263 mandato
1664 1221 1993 1274 mittendorum,

230 1297 278 1336 ut
316 1294 546 1347 prefertur,
594 1307 673 1347 per
721 1294 912 1347 prelatos
961 1293 1218 1335 obediencie
1262 1292 1481 1335 contrarie
1535 1304 1613 1333 seu
1660 1291 1839 1345 quosvis
1886 1291 1994 1333 alios
2012 1292 2064 1334 15

229 1364 275 1405 in
304 1363 594 1417 preiudicium
629 1364 731 1405 dicti
767 1364 931 1405 domini
968 1364 1165 1417 Gregorii
1195 1366 1237 1405 et
1265 1362 1522 1405 obediencie
1550 1375 1628 1404 sue
1658 1361 1788 1404 nichil
1816 1362 1994 1416 penitus

229 1436 522 1488 attemptetur.

348 1516 411 1571 [6]
464 1517 643 1558 Sextum
677 1517 779 1570 quia
812 1516 967 1570 prefati
1002 1519 1198 1558 oratores
1222 1531 1246 1559 a
1269 1516 1387 1570 regia
1409 1516 1640 1558 maiestate
1663 1515 1991 1565 intellexerunt,

231 1587 418 1640 qualiter
456 1587 564 1640 ipsa,
605 1601 659 1629 ne
701 1601 902 1629 accessus
946 1588 1049 1629 dicti
1100 1587 1266 1630 domini
1310 1586 1504 1640 Gregorii
1545 1587 1727 1641 propter
1763 1586 1994 1640 penuriam

230 1670 309 1698 seu
343 1658 560 1699 defectum
604 1671 895 1711 expensarum
940 1659 1230 1711 impediretur
1269 1672 1347 1700 seu
1379 1660 1691 1712 prorogaretur
1724 1658 1770 1699 in
1802 1657 1994 1711 longum,
2010 1660 2068 1701 020

230 1728 382 1780 quovis
426 1728 554 1770 modo
595 1729 727 1769 vellet
769 1730 1004 1770 subvenire
1043 1729 1127 1783 ipsi
1162 1730 1339 1771 domino
1373 1729 1583 1783 Gregorio
1616 1727 1801 1781 singulis
1834 1726 1996 1769 mensi-

229 1797 324 1847 bus,
367 1811 497 1851 quam
530 1798 605 1839 din
639 1799 815 1840 durabit
848 1800 1098 1850 concilium,
1132 1802 1175 1842 in
1211 1802 1384 1843 dnobus
1417 1800 1595 1842 milibus
1628 1799 1868 1853 florenis¹),
1901 1812 1996 1841 cre-

233 1869 341 1909 dunt
384 1869 469 1922 ipsi
501 1872 717 1915 oratores,
759 1872 875 1923 quod
908 1871 1114 1913 dominus
1147 1872 1382 1926 Gregorius
1421 1872 1466 1913 in
1505 1870 1663 1913 minori
1702 1873 1852 1924 posset
1892 1883 1994 1913 con-

232 1939 408 1980 tentari.
463 1940 525 1981 De
548 1953 635 1992 quo
658 1940 725 1982 vel
749 1941 855 1994 quid
885 1942 1002 1996 regia
1032 1943 1248 1985 celsitudo
1279 1944 1421 1985 facere
1451 1942 1736 1997 disposuerit,
1769 1940 1996 1984 informari

230 2010 388 2062 petunt
420 2023 469 2051 ac
501 2010 665 2051 eisdem
698 2011 923 2054 declarari.
936 2012 970 2064 2)
2011 2013 2067 2055 25

231 2253 286 2299 G.
325 2254 583 2300 Benedikt
605 2257 752 2311 XIII.5
785 2257 1018 2316 Spanien
1048 2259 1161 2305 und.
1194 2260 1290 2305 das
1317 2260 1650 2306 Konstanzer
1676 2258 1864 2305 Konzil
1893 2270 1999 2304 von

664 2328 860 2374 Herbst
893 2329 1029 2375 1413
1060 2330 1142 2376 bis
1173 2331 1371 2377 Herbst
1405 2329 1555 2377 1414.

231 2451 264 2478 a.
306 2442 395 2478 Plan
430 2443 534 2480 einer
564 2445 1361 2496 s1ianis‹÷h-l'ranzi5siscli-neapolitanisehen
1398 2448 1590 2496 Einigung
1620 2458 1734 2496 gegen
1770 2447 1834 2485 (las
1866 2447 1998 2486 Konzil

939 2506 988 2543 im
1015 2508 1148 2545 lierbst
1177 2508 1277 2545 1413.

233 2593 306 2638 77.
356 2596 492 2652 Κὸπὶρ
529 2597 774 2641 Ferdinand
809 2616 884 2642 von
925 2602 1168 2658 Arayonien
1208 2618 1263 2644 an
1293 2602 1434 2659 Kc’im'y
1466 2601 1696 2645 Ladislaus
1731 2617 1807 2645 von
1843 2600 2002 2658 Neapel
2013 2603 2071 2646 30

232 2664 386 2707 erklcirt
435 2668 517 2709 sicli
572 2669 697 2712 bereit
747 2672 824 2712 das
870 2688 945 2715 von
996 2674 1073 2715 den
1123 2673 1359 2717 Gesandten
1404 2674 1613 2717 desselben
1664 2673 2001 2730 vorqescklaqene

234 2733 447 2778 Bandniss
478 2738 816 2794 abzusclzliessm,
852 2743 1067 2786 besonders
1098 2746 1190 2787 weil
1210 2761 1252 2787 es
1274 2747 1332 2787 im
1355 2743 1552 2788 Interesse
1573 2745 1647 2787 der
1667 2744 2002 2788 Kirclzeneinheit

352 2913 378 2951 ¹)
408 2913 480 2959 Vyl.
506 2915 629 2950 hierzu
657 2918 855 2963 Asclaback,
887 2919 1098 2955 Geso-laiclete
1126 2921 1258 2956 Kaiser
1284 2921 1471 2967 Siymunds
1497 2921 1528 2966 l,
1551 2921 1633 2957 378.

353 2983 380 3025 ²)
405 2983 559 3021 Hier-aus
598 2988 735 3024 sclaeint
770 2990 859 3024 doch
897 2991 1198 3039 laervorzuyelzen,
1233 2992 1318 3028 dass
1355 2993 1411 3028 die
1455 2992 1657 3030 Gesandten
1694 2991 1906 3029 Malaeeecas
1944 2992 2002 3028 bei
2208 3001 2216 3024 ¹

235 3038 435 3084 Siqismund
458 3044 545 3080 sind.
1711 3098 1715 3102 ⁸
2012 3049 2070 3098 35
