2216 3432
235 162 322 205 368
558 169 623 206 111.
649 168 850 204 Abschnitt.
899 165 1176 212 Vorgeschichte
1200 164 1262 199 des
1286 164 1511 199 Konstanzer
1533 163 1693 201 Konzils.

235 282 280 322 et
316 277 565 332 augmentis
603 276 759 330 iugiter
790 272 1055 328 prosperari.
1103 270 1410 323 ,serenissime
1439 270 1664 325 princeps,
1693 269 1828 312 frater
1858 271 2009 314 noster

235 348 549 404 precarissime.
622 347 707 388 Pre
746 345 978 387 affectione
1020 342 1171 394 nimia,
1203 354 1335 396 quam
1373 341 1430 384 ad
1467 343 1661 383 vestram
1702 340 2011 385 indesinenter

235 420 453 474 gessimus
492 422 535 460 et
580 417 769 471 gerimus
802 427 1051 468 personam,
1094 413 1139 454 in
1180 412 1400 454 anxietate
1432 411 1692 454 morabatur
1729 411 1888 454 eximia
1918 411 2008 467 spi-

236 491 346 532 ritus
370 491 532 540 noster,
558 501 657 529 cum
682 486 900 529 desiderio
925 497 1083 538 magno
1115 483 1244 525 valde
1266 483 1474 524 nimirum
1496 482 1828 536 expectavimus
1859 481 2009 524 felices

236 561 363 603 nobis
396 561 450 601 de
490 561 636 601 vestra
674 557 885 611 sospitate
926 558 970 597 et
1008 554 1235 610 prosperis
1274 554 1556 596 successibus
1597 553 1751 596 referri
1792 553 2050 596 rumores.5

237 632 293 673 Et
325 631 429 672 dum
462 630 675 671 hodierna
707 628 777 669 die
810 627 979 669 litteras
1012 625 1207 668 emanari
1240 624 1436 666 illorsum
1469 623 1710 678 superinde
1736 623 2010 674 fecissemus,

237 715 337 744 ecce
369 702 587 742 venerunt
618 698 862 752 gratissime
896 698 939 738 in
972 697 1137 750 puncto
1170 694 1518 737 transmissionis
1551 695 1607 737 ad
1638 695 1722 737 ite.·
1743 694 2011 750 trumbetess)

238 785 316 813 seu
338 770 559 821 tubicinis,
592 769 744 811 latoris
766 768 974 810 videlieet
999 766 1287 821 presentium,
1320 767 1465 807 vestre
1490 764 1604 818 regie
1627 765 1883 808 serenitatis
1905 765 2010 808 bine

240 842 381 884 littere
414 842 458 882 in
483 842 563 883 liae
586 843 712 894 parte
737 839 1057 881 satisfacientes
1093 837 1396 879 recreabiliter
1427 836 1542 878 votis
1575 836 1756 886 nostris,
1788 838 1884 879 tum
1906 836 2011 890 quia

238 926 317 967 per
340 926 413 953 eas
437 912 491 953 ad
515 925 595 951 nos
619 911 672 952 de
695 910 882 951 iocunda
915 909 1130 963 sospitate
1163 910 1321 957 vestra,
1355 906 1639 949 serenissime
1663 907 1839 949 domine
1862 907 2011 962 regine
2028 907 2083 950 10

240 982 436 1036 coniugis
477 984 621 1023 vestre
661 980 1032 1034 primogenitique
1073 979 1223 1030 vestri,
1274 977 1399 1020 ducis
1442 977 1696 1031 Aquitanie,
1743 990 1794 1019 ac
1843 978 2011 1033 relique

239 1053 376 1106 prolis
409 1055 555 1093 vestre
589 1065 638 1093 ac
664 1051 867 1093 felicibus
890 1052 944 1092 ad
968 1054 1069 1093 vota
1092 1049 1373 1092 successibus
1407 1048 1762 1091 desiderabiliter
1784 1050 2013 1103 expectata

238 1123 455 1165 certitudo
502 1122 717 1176 pervenit,
766 1123 819 1163 de
867 1135 954 1175 quo
1001 1121 1140 1175 φονέα
1187 1122 1231 1160 in
1274 1119 1444 1160 excelsis
1484 1118 1573 1160 Deo
1612 1126 1647 1160 et
1687 1121 1733 1160 in
1775 1126 1888 1161 terra
1921 1134 2013 1175 pax

238 1193 468 1234 hominibus
502 1192 599 1233 boue
633 1193 906 1246 voluntatiefl)
940 1195 1034 1234 tum
1066 1192 1172 1246 quia
1203 1193 1292 1233 tam
1326 1190 1667 1233 ambassiatores
1706 1190 1828 1232 curie
1865 1193 2012 1234 vestre

239 1277 370 1318 quam
395 1264 692 1305 universitatis
713 1262 989 1314 l'arisiensis,
1016 1263 1091 1316 qui
1117 1262 1243 1304 nobis
1267 1262 1413 1304 votiva
1440 1264 1577 1315 atque
1600 1261 1810 1303 salutaria
1842 1262 2012 1314 nuntia,
2031 1260 2082 1302 15

240 1337 287 1376 ut
309 1334 542 1385 eredimus,
566 1335 749 1376 asserent
773 1334 959 1376 secunde
984 1337 1023 1375 et
1052 1334 1257 1381 reserent,
1280 1333 1504 1375 destinare
1526 1331 1763 1374 obtulistis.
1815 1332 2013 1376 Adiecit-

240 1419 325 1459 que
369 1405 678 1447 nichilominus
722 1405 857 1446 series
901 1405 1149 1446 litterarum
1190 1405 1446 1454 earundem,
1492 1403 1611 1457 quod
1653 1402 1837 1445 affectus
1869 1405 2014 1446 vester

240 1478 390 1518 nostro
414 1476 630 1517 desiderio
648 1489 915 1517 concurrens
935 1476 1089 1517 intime
1110 1476 1314 1528 flagraret
1333 1475 1377 1516 in
1395 1477 1549 1516 mutua
1567 1474 1736 1516 visione
1759 1476 1804 1517 et
1827 1474 2013 1527 negotiis

240 1546 299 1588 rei
323 1547 498 1601 publice
532 1549 616 1587 tam
648 1547 944 1588 ecclesiastice
968 1560 1102 1600 quam
1126 1546 1348 1588 mundane
1384 1545 1593 1599 regnique
1616 1544 1753 1586 vestri
1786 1558 1836 1588 ac
1860 1548 2013 1588 mutue

240 1617 609 1659 confederationis
642 1620 683 1658 et
718 1618 907 1659 amicitie
941 1617 1211 1671 peramplius
1244 1617 1493 1668 solidande3
1527 1616 1605 1658 sed
1637 1617 1867 1671 occupatio
1899 1616 2014 1659 circa
2028 1616 2085 1657 020

240 1688 565 1741 expeditionem
599 1691 889 1741 campestrem
923 1690 1136 1730 adversus
1165 1688 1404 1743 paricidam
1433 1687 1555 1729 illum
1578 1686 1821 1730 Johannem
1856 1687 2013 1730 ducem

242 1758 495 1810 Burgundie
528 1759 799 1812 appellatum
835 1762 878 1800 et
910 1760 965 1801 ad
1000 1759 1327 1801 reformandum
1360 1759 1527 1800 statum
1562 1758 1684 1812 regni
1718 1757 1867 1811 vestri,
1900 1758 2014 1800 sicut

240 1829 285 1870 in
319 1829 476 1870 diebus
510 1829 718 1883 antiquis,
759 1832 801 1871 et
834 1831 1078 1872 sedandum
1113 1826 1463 1884 dissensionesb)
1504 1841 1590 1870 non
1629 1829 1875 1883 indulgeret
1911 1842 2014 1883 pro-

241 1900 537 1954 missionem‘)
585 1900 836 1953 principum
884 1901 1094 1955 regalium
1144 1903 1391 1942 vestrorum
1441 1901 1484 1942 et
1529 1902 1781 1941 nostrorum
1827 1912 2012 1942 consan-

241 1970 568 2024 guineoruniz2)
618 1973 765 2013 tamen
809 1972 844 2012 si
880 1973 946 2013 vel
980 1972 1023 2013 in
1058 1971 1323 2014 Avinionem
1360 1970 1695 2013 Prouinciamve
1726 1971 1803 2012 aut
1835 1969 2015 2025 Delphi·
2029 1971 2084 2012 25

242 2043 395 2082 natum
438 2054 516 2082 seu
571 2041 705 2083 alium
746 2043 887 2084 locum
928 2042 1050 2096 regni
1092 2043 1227 2085 vestri
1277 2041 1639 2096 propinquiorem
1688 2041 2014 2094 accederemus,

243 2110 436 2152 libenter
469 2125 519 2153 ex
543 2114 702 2154 vestris
727 2113 1004 2166 principibus
1038 2116 1081 2155 et
1114 2113 1300 2167 agnatis,
1334 2114 1465 2167 prout
1488 2113 1603 2155 foret
1625 2111 1878 2166 expediens,
1910 2124 2015 2154 con-

241 2181 445 2222 veniendi
478 2195 610 2224 causa
644 2183 873 2226 nobiscum
906 2184 1292 2235 transmitteretis;
1335 2183 1494 2225 deinde
1527 2185 1684 2226 mutua
1715 2183 1832 2224 inter
1862 2182 2014 2225 ambos

241 2251 408 2294 visione
447 2253 514 2294 vel
555 2254 751 2295 Parisius
792 2255 857 2296 vel
906 2255 948 2296 in
983 2255 1067 2297 alio
1101 2255 1222 2309 regni
1255 2254 1391 2297 vestri
1435 2254 1531 2296 loco
1562 2252 1878 2296 iucundissime
1909 2265 2015 2295 con-

246 2322 395 2371 solari3
444 2324 485 2363 et
532 2326 580 2364 ut
626 2323 669 2364 in
719 2325 801 2366 hiis
849 2326 1117 2379 quantocius
1163 2326 1508 2368 rescriberemus
1555 2322 1818 2367 intentionis
1865 2325 2014 2366 nostre
2029 2323 2087 2365 30

242 2392 578 2449 tenacitatem.¹¹)
610 2396 784 2445 Verum,
806 2397 1087 2438 serenissime
1110 2397 1333 2451 princeps,
1364 2396 1500 2438 frater
1522 2396 1676 2436 noster
1697 2394 2013 2446 amantissime,

359 2522 390 2554 a)
411 2522 539 2548 trumba
560 2523 596 2548 Β.
664 2522 696 2555 b)
717 2522 979 2551 ‹lissensationes
999 2524 1035 2550 Β.
1104 2524 1132 2558 c)
1156 2523 1200 2551 Ob
1219 2525 1299 2551 etan
1320 2522 1598 2551 convencionem?
1637 2521 1722 2551 oder
1740 2521 1803 2550 noll
1823 2528 1855 2550 ee
1874 2521 2014 2550 hainen:

243 2567 313 2594 Dae
340 2568 550 2601 Vereprechm
570 2570 628 2595 der
649 2570 786 2596 l’rinzen
807 2578 846 2597 :u
866 2570 1034 2598 kommen?
1090 2570 1123 2604 d)
1144 2571 1212 2598 Der
1232 2570 1344 2598 [κλαῖε
1364 2570 1465 2598 amec
1483 2570 1560 2597 mit:
1585 2568 1780 2604 Adiecitque
1800 2568 2015 2604 beqinnmdm

243 2614 350 2641 Sata-ee
363 2616 404 2642 iet
416 2616 449 2642 in
464 2616 491 2642 Β
505 2623 539 2643 eo
554 2616 822 2651 wiederqoqeben:
842 2617 971 2645 Adiecit
989 2617 1226 2646 nichilominus
1246 2617 1351 2645 serien
1372 2616 1560 2645 litterarum
1581 2615 1769 2650 earundem,
1788 2616 1826 2644 ut
1845 2614 2014 2652 expeditio

243 2663 463 2696 campestrum
476 2662 541 2697 (ao)
554 2670 617 2690 non
631 2665 803 2698 pateretur
816 2665 1079 2693 convenientiam
1094 2665 1126 2693 in
1140 2664 1254 2700 aliquo
1269 2664 1418 2693 locorum
1432 2663 1465 2692 ln
1479 2663 1556 2692 letis
1570 2663 1733 2700 partibus,
1742 2663 1792 2691 utl
1807 2662 2015 2692 meminimus
2029 2639 2085 2683 35

243 2708 463 2743 significasse3
494 2710 552 2737 sed
578 2710 610 2737 in
636 2710 797 2739 Aninione
823 2710 1042 2740 Prouinciave
1069 2713 1128 2740 aut
1152 2711 1357 2747 Delphinum
1383 2718 1443 2740 neu
1469 2710 1537 2740 allo
1563 2710 1638 2740 loco
1663 2709 1756 2746 regni
1775 2709 1914 2739 Francia
1938 2715 2014 2746 pro·

243 2755 411 2790 pinquiori
435 2758 549 2791 posset
574 2764 647 2785 esse
674 2757 769 2785 locus
796 2758 1022 2787 conveniendi.
1073 2759 1187 2787 Durch
1216 2759 1268 2787 die
1293 2758 1625 2794 luccamus-huna
1653 2758 1697 2786 iet
1724 2757 1776 2786 aio
1802 2756 2016 2793 Dav-nullane

242 2802 363 2830 unklar
381 2804 558 2838 geworden.

365 2863 391 2905 ¹)
416 2861 491 2897 Aua
524 2862 641 2898 Lucas
665 2863 701 2906 2,
727 2863 783 2898 14.

363 2920 391 2965 ³)
422 2920 596 2956 Wiz‘larend
622 2922 683 2956 des
712 2934 759 2956 zu
790 2923 934 2969 Ansanq
960 2924 1070 2971 April
1092 2924 1185 2959 1414
1217 2923 1443 2971 beyormenen
1472 2922 1671 2970 femmas
1699 2933 1814 2970 qeqen
1847 2921 2088 2970 Burqundffl

245 2978 426 3013 scln‘ltzten
450 2979 514 3014 der
539 2979 685 3026 Herzog]
709 2992 778 3015 von
802 2981 921 3029 Berry
944 2983 1018 3018 und
1038 2982 1155 3030 Kb'm'y
1180 2983 1325 3031 Ludwiq
1355 2981 1477 3028 Pario,
1507 2982 1628 3018 indeu
1652 2981 1709 3018 dio
1734 2981 1868 3017 andern
1893 2979 2015 3027 k6m'9-

246 3036 359 3072 licken
382 3036 549 3083 Prinzen,
572 3039 637 3074 der
664 3039 833 3086 Daupkin
857 3053 904 3076 an
927 3042 993 3078 der
1018 3041 1155 3089 spitze,
1178 3043 1242 3078 mit
1263 3042 1340 3078 dem
1363 3041 1501 3089 K6m'90
1524 3041 1580 3078 im
1606 3039 1698 3077 Feta
1717 3051 1843 3090 noyon.

2177 119 2216 260 ’ἑ

2201 265 2216 406 ἰ,
