2216 3432
0 0 161 227 ΓΛ,
216 0 306 9 ψ..
378 0 427 7 ,-4

472 170 512 207 Β,
552 168 706 215 Gregors
724 170 806 206 XII.
829 171 992 218 Stellung
1015 185 1092 208 zum
1110 175 1235 210 Konzil
1255 176 1309 211 bis
1327 189 1388 212 zur
1404 178 1606 227 Erfifl'nung.
1645 182 1703 217 Nr.
1730 184 1784 219 76.
1925 177 2007 219 309

248 282 325 338 fiir
355 264 518 338 (ἵνά-901·
558 277 646 320 und
681 277 746 319 die
781 276 973 334 Seiniyen
1014 294 1086 321 von
1120 279 1362 337 Si'qis‘mund
1390 286 1475 326 und
1503 284 1720 330 Friedrich
1752 304 1823 331 von
1855 290 2009 334 Oester-

249 352 386 403 reich„-
421 346 741 405 sicher-stellam
773 351 817 390 in
848 349 1080 401 Konsta7223
1111 351 1338 408 pekunid're
1375 354 1686 414 Unterstiitzuny
1718 360 1910 403 wcilzrend
1938 362 2008 405 des

464 421 754 477 Aufentlcaltes
783 423 828 462 in
859 421 1082 464 Konstanz.
1147 423 1273 479 (1414
1309 424 1549 481 September,
1584 427 1797 486 October-2)

320 531 353 565 B
377 542 441 565 aus
472 528 555 564 Cod.
582 527 676 562 5097
692 527 763 573 fol.
793 528 860 562 164
885 528 949 562 der
976 528 1063 574 Hos-
1089 530 1160 563 und
1184 529 1497 566 Staatsbibliotlzelc
1522 534 1555 567 in
1587 534 1689 569 Wien.

209 639 233 681 5
370 638 655 688 Notandum,
710 636 829 690 quod
856 693 860 696 ἡ
884 637 1165 678 honorabiles
1213 639 1257 679 et
1305 639 1493 692 religiosi
1540 641 1620 682 viri
1665 642 1878 696 magnifici
1930 646 2009 686 etc.

250 709 419 754 domini
451 709 602 752 Karoli
637 709 691 750 de
724 707 968 749 Malatestis
1000 710 1194 750 oratores
1226 722 1358 763 super
1390 710 1575 751 transitu
1618 711 1781 753 domini
1822 714 2009 767 Gregorii

247 795 365 837 pape
404 781 450 823 et
489 780 584 822 eius
625 778 923 833 disposicione
959 780 1282 832 proponebant,
1323 780 1456 833 quod,
1499 781 1599 823 licet
1630 795 1655 823 a
1687 782 1800 824 dicto
1833 784 2008 826 domino

249 852 458 908 Gregorio
513 850 647 893 nichil
693 850 973 903 susceperint
1011 849 1056 891 in
1109 850 1347 902 mandatis,
1389 852 1756 904 quemadmodum
1798 867 1876 896 nec
1914 855 2011 909 [a]‘²)

248 923 483 979 magnifico
517 921 696 965 domino
729 922 904 974 Karolo,
939 921 1176 963 credebant
1207 923 1354 963 tamen
1388 924 1431 964 et
1463 923 1544 964 sub
1577 924 1714 965 forma
1745 925 2010 967 credulitatis

181 999 235 1042 10
249 996 538 1047 estimabant,
589 994 732 1048 quod,
765 993 800 1034 si
838 992 959 1034 iuxta
990 994 1188 1034 tenorem
1229 993 1517 1047 capitulorum
1549 994 1893 1048 subscriptorum
1926 996 2011 1037 dis-

247 1064 549 1122 poneretu1·,b)
584 1065 728 1107 dictus
771 1063 975 1106 dominus
1015 1063 1250 1117 Gregorius
1301 1064 1356 1105 ad
1401 1064 1698 1118 arripiendum
1739 1065 1822 1107 iter
1862 1080 2010 1108 versus

247 1138 561 1181 Alamanniam
594 1150 728 1191 super
760 1136 991 1178 tractanda
1012 1134 1196 1177 materia
1217 1134 1391 1176 unionis
1414 1134 1609 1177 fidelium
1631 1137 1778 1190 posset
1800 1136 2010 1178 inclinari.

368 1223 431 1278 [1]
466 1222 664 1264 Primum
706 1222 786 1267 est,
826 1220 945 1273 quod
988 1218 1192 1260 dominus
1225 1217 1459 1272 Gregorius
1492 1217 1672 1259 indilate
1704 1217 1850 1260 mittat
1882 1232 2011 1260 unam

247 1296 432 1347 bullam,
467 1294 513 1336 in
546 1307 634 1348 qua
666 1292 814 1335 tradat
847 1290 1153 1333 auctoritatem
1187 1292 1230 1331 et
1261 1290 1511 1331 facultatem
1535 1288 1816 1331 serenissimo
1839 1290 2012 1331 domino

181 1370 232 1411 15
249 1366 547 1421 Sygismundo
587 1366 891 1407 Romanorum
934 1364 1014 1404 etc.
1060 1361 1148 1415 regi
1187 1362 1243 1402 ad
1281 1361 1610 1402 convocandum
1648 1361 1691 1401 et
1733 1359 2012 1401 indicendum

248 1437 428 1481 nomine
470 1437 539 1479 sui
581 1435 818 1480 concilium
856 1434 1061 1488 generale
1099 1433 1306 1486 quodque
1345 1432 1461 1473 idem
1499 1430 1701 1473 dominus
1739 1444 1811 1471 rex
1843 1430 1886 1470 in
1916 1430 2012 1483 ipso

247 1508 435 1552 concilio
466 1510 511 1551 et
533 1510 626 1550 toto
647 1509 863 1561 tempore,
897 1518 983 1559 quo
1008 1505 1257 1546 celebratur
1279 1503 1347 1545 vel
1370 1502 1666 1554 continuatur,
1695 1501 1749 1543 sit
1772 1500 2011 1543 communis

247 1580 452 1636 partibus
485 1580 696 1622 hincinde
730 1580 775 1620 et
806 1578 1061 1619 nullatenus
1094 1574 1296 1628 parcialis
1329 1574 1478 1615 favens
1512 1572 1690 1614 cuilibet
1723 1572 1775 1613 de
1803 1584 1881 1612 suo
1904 1570 2009 1612 iure.

368 1664 435 1720 [Ξ]
500 1663 760 1706 Secundum
803 1661 923 1715 quod
963 1646 1431 1712 dominusGregorius
1476 1656 1530 1698 ad
1573 1654 1769 1709 statim1)
1812 1653 2012 1707 expedita

177 1736 373 1782 20bulla
416 1735 635 1790 premissa
676 1733 859 1788 arripiat
900 1733 987 1774 iter
1030 1744 1128 1773 cum
1170 1743 1250 1772 sua
1281 1728 1402 1770 curia
1443 1726 1607 1768 scilicet
1647 1724 1831 1767 dominis
1870 1723 2008 1765 cardi-

250 1807 428 1850 nalibus
469 1809 514 1849 et
546 1806 730 1860 prelatis
763 1818 843 1846 nec
876 1817 966 1844 non
998 1801 1185 1844 dominis
1218 1801 1261 1842 et
1293 1800 1389 1841 aliis
1421 1799 1511 1839 tam
1543 1795 1843 1851 spiritualibus
1875 1808 2003 1848 quam

250 1878 527 1921 secularibus
565 1877 908 1932 quibuscunque
941 1887 987 1915 se
1020 1872 1218 1915 comitari
1250 1869 1500 1913 volentibus
1532 1865 1924 1921 appropinquando
1957 1864 2011 1905 ad

249 1951 402 2004 partes
436 1948 670 1991 Alamanie
702 1961 782 2003 per
815 1949 956 1989 terras
991 1942 1171 1986 dominii
1202 1942 1468 1984 Venetorum
1481 1941 1514 1994 c)
1545 1937 1683 1990 usque
1716 1936 1770 1977 ad
1793 1934 2009 1976 civitatem

247 2023 483 2073 Veronam,
526 2019 715 2062 ulterius
754 2031 834 2072 per
871 2019 1013 2059 terras
1056 2014 1180 2056 ducis
1212 2011 1389 2054 Austrie
1421 2021 1720 2064 processurus.
1783 2007 1941 2048 Verum
1973 2003 2009 2045 si

178 2096 233 2138 25
250 2092 458 2151 dominus
498 2090 736 2145 Gregorius
780 2100 1047 2143 quocunque
1095 2083 1409 2139 impedimento
1448 2078 1639 2133 legitimo
1678 2079 1720 2118 et
1758 2073 2009 2117 racionabili

249 2164 458 2206 obstante
490 2162 643 2205 venire
677 2174 766 2203 non
788 2159 952 2215 posset,
987 2157 1106 2211 quod
1128 2154 1256 2206 absit,
1291 2153 1432 2194 mittat
1455 2163 1559 2192 suos
1582 2146 1794 2190 notabiles
1816 2147 2011 2187 oratores

249 2248 350 2277 cum
382 2232 622 2276 sufficienti
654 2235 699 2275 et
731 2232 864 2286 pleno
897 2228 1116 2271 mandato.
1130 2226 1166 2282 2)

370 2316 429 2373 [3]
492 2316 695 2358 Tertium
728 2315 849 2369 quod
879 2312 998 2367 regia
1031 2309 1238 2353 maiestas
1262 2306 1469 2360 disponat
1490 2315 1590 2344 cum
1612 2299 1786 2343 domino
1808 2297 2011 2348 Frydrico

251 2390 363 2431 duce
394 2387 590 2440 Austrie,
623 2388 673 2428 ut
707 2387 780 2428 det
812 2383 1049 2427 transitum
1081 2383 1125 2423 et
1158 2380 1326 2422 salvum
1358 2373 1619 2418 conductum
1652 2369 1936 2412 sufficientem
1969 2366 2013 2408 et

179 2466 237 2507 30
251 2461 483 2502 extensum
517 2471 597 2512 per
628 2457 801 2499 litteras
832 2468 935 2497 suas
966 2454 1169 2509 patentes
1203 2449 1333 2491 etiam
1366 2445 1571 2489 adiuncta
1591 2441 1761 2495 brigata
1784 2450 1859 2480 seu
1881 2436 2012 2479 comi-

250 2531 344 2573 tiva
382 2530 511 2584 parte
552 2527 643 2580 sui,
697 2526 735 2568 si
776 2527 951 2581 petatur
989 2538 1069 2579 per
1117 2526 1255 2566 terras
1298 2533 1375 2561 sue
1429 2513 1587 2559 dicioni
1631 2512 1851 2554 subiectas
1899 2507 2012 2549 dicto

253 2600 430 2644 domino
477 2598 686 2653 Gregorio
731 2598 802 2640 vel
853 2598 946 2639 suis
992 2595 1255 2645 oratoribus,
1295 2590 1331 2632 si
1368 2587 1566 2631 fortassis
1604 2583 1748 2638 ipsum
1791 2578 2011 2622 dominum

253 2669 516 2725 Gregorium
548 2681 638 2711 non
669 2660 952 2722 contingeret
983 2666 1150 2718 venire,
1183 2665 1226 2706 et
1258 2660 1462 2705 omnibus
1494 2667 1646 2698 secure
1669 2648 1940 2694 Alamaniam
1971 2647 2013 2687 et

371 2836 403 2870 a)
423 2834 511 2862 Fehlt
531 2834 568 2861 Β.
605 2833 639 2868 b)
660 2832 880 2867 disponentur
899 2832 972 2859 cher
993 2832 1030 2858 Β.
1068 2829 1097 2864 c)
1117 2828 1314 2856 Venetarum
1334 2825 1370 2851 B.

183 2905 238 2948 35
376 2896 403 2936 ¹)
429 2894 503 2929 Aue
529 2893 605 2928 dem
629 2892 778 2927 indilate
802 2891 839 2925 in
864 2890 981 2925 Pnnkt
1005 2889 1023 2923 1
1050 2889 1123 2923 und
1144 2888 1219 2922 (lem
1244 2885 1287 2920 ad
1313 2883 1431 2918 statim
1458 2881 1532 2914 ln'er
1556 2876 1638 2923 yelec
1661 2875 1739 2908 klar
1764 2872 1903 2912 ltervor,
1929 2867 2009 2901 dass

253 2957 308 2992 die
335 2953 535 3001 Erbffnuny
560 2952 621 2987 des
647 2950 794 2986 Konzils
822 2950 905 2985 sehr
929 2949 1019 2983 nahe
1046 2946 1256 2982 bevorstelzt.

375 3015 403 3059 2)
430 3013 500 3048 Die
531 3010 746 3056 Absenduny
777 3009 839 3044 des
867 3007 1061 3043 Kardinals
1095 3003 1273 3040 Dominio-1·
1303 3001 1373 3036 und
1401 2999 1461 3034 des
1487 2992 1720 3031 Patriareleen
1750 3000 1814 3025 von
1842 2986 2012 3021 Konstan-

256 3074 392 3126 tinopel
413 3073 463 3108 ist
485 3071 553 3108 den
584 3069 784 3108 Gesandten
812 3067 889 3104 also
914 3066 1004 3103 noch
1029 3063 1239 3102 unbekannt.
