2216 3432
253 157 333 200 156

313 274 348 315 1.
382 272 527 315 Primo
538 271 572 327 ¹)
604 272 654 313 ut
681 271 939 324 prorogetur
965 267 1086 310 istud

250 343 449 397 generale
480 341 711 384 concilium
739 352 877 393 usque
899 339 955 380 ad
976 340 1086 380 tem-

249 427 332 467 pus
364 411 629 454 conveniens
661 412 706 453 et
734 411 950 463 ydoneum
972 408 1085 450 cele-

249 483 466 524 brandum
509 482 553 522 in
597 482 689 523 loco
727 479 1004 521 convenienti
1043 479 1086 520 et

253 565 405 593 securo
464 565 544 605 pro
595 550 795 592 omnibus
848 549 990 602 regnis
1043 549 1086 589 et

253 621 520 663 nacionibus.

308 693 347 733 2.
381 692 490 732 Item
523 691 570 732 ut
601 693 797 743 tempore
830 689 975 731 debito
1008 701 1086 742 per

252 762 527 803 sanctitatem
561 761 721 802 domini
754 759 889 801 nostri
913 759 1086 800 intime-

249 833 319 872 tur
337 831 583 872 huiusmodi
603 829 852 884 prorogacio
875 844 972 871 cuin
992 830 1085 871 loco

232 904 292 945 ‚et
338 904 532 954 tempore
579 901 779 942 omnibus
826 900 996 952 regibus
1040 902 1084 941 et

250 971 519 1024 principibus
572 971 823 1012 christianis
871 984 949 1012 nec
998 984 1085 1013 non

249 1041 451 1083 omnibus
475 1043 517 1082 et
534 1041 714 1094 singulis
738 1040 1085 1094 metropolitanis

249 1123 327 1163 per
359 1124 460 1152 suas
494 1112 658 1152 litteras
691 1111 968 1164 apostolicas,
1012 1111 1085 1164 qui

249 1194 300 1221 ex
347 1181 588 1222 iuramento
641 1181 843 1222 intimare
897 1182 1086 1223 habeant

249 1250 532 1304 suffraganeis
572 1253 616 1292 et
647 1251 740 1292 aliis
773 1252 1008 1293 abbatibus
1042 1254 1085 1293 et

251 1321 464 1375 capitulis.

307 1393 345 1432 3.
378 1391 485 1432 Item
528 1394 575 1433 ut
612 1393 812 1434 celeriter
853 1396 896 1434 et
934 1393 1082 1443 cicius,

249 1475 378 1514 quam
425 1462 518 1503 fieri
570 1463 742 1516 poterit,
796 1464 1083 1517 expediantur

248 1531 486 1584 legaciones
524 1534 578 1574 ad
619 1534 901 1587 I-Iysponiaim
951 1534 1083 1575 Arro-

247 1602 430 1653 goniam,
465 1603 661 1644 Scoeiani
695 1606 736 1644 et
764 1607 950 1646 cettei-as
974 1606 1082 1646 alias

247 1671 443 1723 regiones
477 1686 561 1714 non
594 1675 847 1716 obedientes
881 1678 922 1716 et
945 1676 1080 1718 eciam

245 1743 299 1783 ad
338 1743 549 1794 Greciam,
589 1747 636 1785 ut
678 1746 732 1786 ad
775 1746 935 1787 (lictum
979 1760 1081 1787 con-

245 1811 391 1853 cilium
429 1827 530 1854 suos
572 1815 820 1869 solempnes
867 1817 1082 1859 ambasia-

246 1884 360 1923 tores
393 1883 576 1925 mittant.

301 1954 328 1993 4
376 1954 485 1994 Item
519 1957 563 1996 ut
598 1956 812 1998 scribatur
844 1971 921 2010 per
955 1973 1081 2000 sanc-

246 2022 463 2065 tissimum
496 2025 719 2067 dominum
760 2031 957 2070 nostruin
991 2030 1081 2071 An-

244 2093 378 2144 glicis,
403 2094 639 2147 Aloinanis,
667 2098 803 2139 eleeto
827 2099 870 2140 in
894 2099 1081 2154 impera-

246 2165 382 2204 torem
443 2166 484 2205 et
542 2167 818 2219 electoribus,
882 2173 930 2212 ut
983 2185 1081 2213 eum

246 2232 397 2284 legatis
427 2237 583 2288 prefati
616 2239 877 2281 sanctissimi
919 2242 1081 2283 domini

246 2315 324 2342 nec
393 2317 477 2345 non
539 2308 902 2351 ambasiatoribus
971 2312 1082 2366 regis

365 2479 389 2521 ¹)
419 2478 487 2512 l'or
513 2482 645 2526 eim'ycu
666 2483 848 2517 Naumstrn
876 2485 995 2519 acetum.
1020 2487 1074 2521 die
1093 2488 1244 2533 Ziffern‚
1270 2500 1335 2522 ror
1360 2489 1493 2523 andern
1519 2490 1631 2532 nieht,-
1658 2491 1735 2525 hier
1759 2490 1840 2525 sind
1862 2490 1913 2525 sie
1933 2501 2001 2525 zur

247 2535 414 2569 leichtcrn
443 2537 649 2573 Uebcrsicht
673 2547 756 2575 steen
781 2550 926 2595 yexetfe.

363 2595 389 2637 ⁵²)
420 2595 532 2630 Ueber
556 2599 610 2631 dic
636 2602 882 2636 verseln‘cdene
916 2603 1074 2650 [Mutuus]
1100 2606 1161 2639 dex
1189 2607 1301 2651 prima
1327 2608 1395 2652 vyl.
1422 2607 1625 2653 Einleituny
1652 2607 1692 2643 S.
1719 2607 1798 2643 122.

363 2654 389 2695 ³)
414 2654 470 2688 Ζιι
495 2656 591 2689 einer
618 2658 862 2694 urkmnllideen
891 2661 1113 2697 I'ublikation
1144 2665 1192 2698 ist
1221 2677 1258 2699 es
1286 2677 1404 2711 weyen
1428 2666 1493 2701 der
1514 2667 1729 2712 politisclten
1760 2666 1998 2702 Verhdltnisse

246 2709 340 2743 nicht
361 2712 566 2755 ι(μὲοηιηιεη.

562 166 606 202 11.
633 164 832 200 Abschnitt.
882 163 951 197 Das
976 161 1146 197 romische
1169 161 1310 199 Konzil.
1361 162 1452 198 1412
1475 151 1550 197 und
1577 150 1698 200 1413.

1219 269 1256 309 1.
1290 266 1360 310 Ad
1393 267 1587 322 primum
1619 267 1824 310 dominus
1855 269 2006 312 noster

1158 337 1241 380 hoc
1291 337 1482 380 intendit
1532 338 1698 381 facere:
1758 338 2006 392 publicabit

1159 410 1335 462 tempus
1352 408 1397 450 in
1414 407 1599 463 prima2)
1625 408 1836 461 sessione,
1859 409 2006 453 locum

1160 478 1331 520 differet
1364 478 1590 532 publicare
1622 479 1678 521 ad
1709 481 1800 521 tres
1828 492 2005 523 menses

1160 549 1215 590 ad
1232 548 1460 604 longius‚3)
1478 549 1654 591 interim
1673 548 1886 603 conferet,
1903 563 2004 593 cum
2017 548 2044 592 5

1159 619 1320 673 quibus
1353 621 1668 663 eonferendum
1701 623 1784 663 est.

1218 692 1257 732 2.
1291 690 1360 732 Ad
1401 691 1644 733 secundum
1682 691 1887 734 dominus
1926 705 2005 734 no-

1159 763 1248 802 ster
1273 761 1354 803 hoc
1373 761 1502 803 faciet
1513 760 1552 816 4)
1575 761 1723 803 statim
1742 763 1842 815 post
1858 762 2005 817 publi-

1158 832 1379 874 cacionem
1413 832 1624 886 temporis
1656 834 1700 874 et
1730 831 1919 875 finaliter
1950 833 2005 876 de

1159 903 1253 945 loco
1286 905 1385 957 post
1417 902 1833 945 determinacionem
1867 903 1964 946 loci.
2023 902 2077 945 10

2020 1254 2073 1296 15

1217 1398 1255 1437 3.
1290 1396 1359 1438 Ad
1391 1397 1578 1438 tercium
1617 1397 1822 1439 dominus
1854 1399 2004 1440 noster

1157 1467 1299 1508 mittat
1333 1466 1480 1509 statim
1514 1468 1568 1509 ad
1600 1467 1885 1521 Hysponiam,
1919 1467 2003 1510 Ar-

1156 1539 1379 1589 roganiam
1421 1540 1464 1579 et
1496 1539 1695 1581 Scociam
1733 1541 1777 1580 et
1808 1540 1864 1581 ad
1896 1539 2004 1582 Gre-

1156 1621 1229 1649 cos
1262 1608 1390 1663 etc.=‘')
2017 1606 2074 1649 ΞΟ

2206 2011 2216 2024 Α.
2208 1945 2212 1949 v
2206 1905 2216 1930 ,ι
2206 1779 2216 1884 Αυκ-
2207 1646 2216 1767 ,ru-„m
2207 1618 2216 1632 Aa

1214 1963 1255 2003 4.
1289 1962 1358 2003 Ad
1390 1964 1597 2015 quartum
1622 1962 1827 2005 dominus
1850 1963 2002 2004 noster
2017 1961 2071 2002 925

1156 2033 1344 2075 intendit
1383 2034 1464 2075 lioc
1510 2033 1652 2075 facere
1692 2035 1739 2076 ut
1770 2033 1815 2075 in
1848 2033 2000 2076 forma.

2015 2312 2072 2354 30

2013 2722 2069 2766 35

362 2770 389 2811 ⁴)
414 2770 581 2806 Erhalteu
609 2775 687 2808 siml
711 2788 772 2810 uns
799 2790 864 2811 um·
888 2779 943 2813 die
970 2780 1213 2827 Eiuladunyen
1240 2794 1286 2816 an
1309 2783 1365 2817 die
1394 2783 1661 2830 Metropoliten3
1701 2784 1779 2819 dem
1802 2784 2001 2820 rffimn'schen

246 2825 377 2871 Kb'm'ye
404 2830 503 2863 sollte
529 2830 634 2866 Peter
658 2845 724 2867 von
753 2836 837 2870 Ailli
862 2837 1083 2885 Mittlmiluny
1108 2841 1262 2875 mac-lien.
2144 2817 2151 2861 i

362 2886 390 2929 ⁶)
416 2886 484 2922 Die
518 2888 680 2936 Senduny
719 2895 808 2928 nacla
842 2895 997 2942 Spanien
1035 2899 1185 2944 erfolyte
1221 2912 1276 2934 am
1307 2899 1363 2935 18.
1395 2900 1473 2935 Mai
1503 2901 1606 2936 1413.
1674 2901 1739 2948 ῐζᾳὶ.
1768 2902 1878 2937 meine
1908 2900 2000 2936 For·
2150 2891 2156 2894 “

246 2941 419 2988 schunyen
445 2947 514 2980 und
536 2947 677 2988 Quellen
716 2951 752 2985 S.
777 2952 858 2987 311.
913 2954 1028 2990 Ueber
1061 2957 1117 2992 die
1151 2957 1318 3005 Seuduny
1349 2960 1440 2994 nack
1471 2959 1685 2996 Schottland
1705 2961 1778 2996 und
1806 2959 2000 2996 Griecloeu·

246 2999 329 3034 land
349 3002 385 3035 in
408 3003 525 3039 dieser
547 3006 631 3042 Zeit
652 3010 827 3046 verlautet
850 3013 973 3048 nic-leta.
1702 3036 1706 3041 ’
1913 3006 1917 3012 ·

2010 3019 2072 3066 40
2110 2993 2150 3083 ἶς’.
