2216 3432
0 44 51 292 f
505 156 546 194 E.
572 156 692 202 Konig
716 156 942 202 sigismunds
967 157 1223 203 Konzilsplano
1251 158 1339 194 1411
1367 159 1442 193 und
1471 159 1572 194 1412.
1623 160 1685 197 Nr.
1711 161 1767 195 21.
1969 151 2025 194 89

239 263 440 306 zwischen
461 261 589 304 Polen
618 262 707 304 und
726 262 817 304 dem
839 263 1052 305 deutschen
1075 263 1237 314 Ordem
1267 263 1365 306 iiber
1395 267 1504 307 &eine
1524 264 1704 321 Kd'mpfe
1723 267 1800 307 ‘mit
1828 265 2026 324 Venedi9;

238 333 336 376 aber
380 334 458 377 den
501 333 845 375 Zusammentritt
889 334 961 376 des
1008 335 1276 390 allyemeinen
1320 335 1515 385 Konzils,·
1560 335 1657 377 iiber
1701 339 1860 379 weitere
1897 337 2027 380 Plane

238 405 428 447 Johamzs
463 403 636 448 XXIII.
687 404 896 461 bezai-olido
935 406 1008 447 der
1054 404 1094 446 U
1094 408 1192 447 nion
1241 407 1315 448 der
1355 406 1559 448 Griechen
1598 407 1686 448 und
1726 410 1835 450 eines
1870 408 2026 452 Kreuz-

237 492 383 533 zu9e3‚·
419 476 522 519 iiber
552 476 618 518 die
651 475 958 532 Zwistiylcez'ten
996 477 1199 519 &wisc-hen
1231 478 1309 519 den
1341 476 1554 533 Herzoyen
1592 493 1668 519 von
1702 478 1913 534 Burqzmd
1941 482 2029 522 und

0 562 50 610 «χῖ,-
81 590 83 592 ,
197 546 222 587 5
277 548 455 591 Orleoms
483 548 572 590 und
599 546 697 589 aber
727 548 792 589 die
823 548 1027 604 englisclze
1059 547 1375 605 Einmisclcuny.
1435 548 1573 603 (1412
1603 550 1711 591 nacla
1744 551 1866 591 Mc'irz
1902 550 1987 607 12.)

307 655 340 688 Β
369 655 452 690 Cod.
478 654 663 689 Palatinus
689 654 754 689 der
793 654 897 689 Vatik.
925 654 1127 689 Bibliotlaelc
1153 654 1219 689 701
1237 656 1309 701 fol.
1335 654 1537 690 251—253.

357 773 651 817 Serenissime
674 773 898 828 princeps,
922 774 1058 816 frater
1082 777 1233 818 noster
1257 775 1497 818 carissime.
1542 775 1798 819 Indubitata
1819 778 2025 820 tenemus

233 846 411 899 fiducia,
445 846 566 901 quod
587 848 784 888 vestrum
809 847 998 888 delectat
1020 846 1235 899 auditum,
1270 848 1477 901 quotiens
1501 849 1555 890 de
1581 848 1697 890 felici
1729 851 1848 891 statu
1871 851 2024 892 nostro

237 917 362 961 vobis
394 931 610 973 prospera
640 917 910 959 referuntur.
965 919 1225 960 Innotescat
1257 918 1390 972 igitur
1421 921 1567 961 vestre
1591 920 1871 971 fraternitati,
1905 921 2024 974 quod

165 983 223 1027 10
238 990 388 1032 divina
419 990 631 1043 largiente
676 989 914 1031 clementia
951 1003 1032 1031 nos
1066 990 1109 1031 et
1141 990 1327 1032 illustris
1359 990 1559 1033 Barbara
1591 991 1757 1045 regina,
1796 991 2025 1034 carissima

236 1063 388 1104 nostra
419 1061 742 1116 conthoralis&
775 1074 863 1103 una
895 1074 993 1102 cum
1027 1062 1181 1104 inclita
1212 1063 1337 1116 prole
1367 1062 1569 1116 nostra,1)
1603 1063 1739 1118 plena
1760 1063 1958 1118 corporis
1982 1065 2024 1105 et

232 1132 550 1175 incolumitatis
595 1132 808 1186 sospitate
846 1132 1046 1186 vigemus
1089 1134 1132 1175 et
1169 1134 1399 1188 prosperis
1440 1135 1705 1177 successivis
1744 1135 2023 1189 insignimur,

231 1217 318 1257 que
351 1204 404 1246 de
438 1206 585 1246 vestra
617 1204 896 1246 fraternitate
931 1206 974 1246 et
1006 1204 1169 1247 illustri
1193 1205 1423 1248 carissima
1446 1220 1598 1248 sorore
1623 1209 1773 1248 nostra
1797 1204 2022 1260 coniugeb)

228 1278 377 1318 vestra
409 1288 459 1317 ac
490 1275 594 1317 filiis
627 1277 671 1317 et
702 1275 906 1329 prolibus
939 1276 1098 1318 vestris
1134 1278 1304 1319 utinam
1337 1277 1525 1332 placidis
1559 1291 1738 1331 semper
1771 1276 2023 1318 rumoribus

163 1340 215 1382 15
230 1347 486 1399 audiamus3
525 1346 670 1400 parati
712 1348 837 1400 grato
876 1347 1022 1389 cordis
1062 1347 1222 1390 affectu
1271 1349 1371 1390 vota
1411 1351 1559 1391 vestra
1589 1348 1763 1402 placide
1796 1347 2022 1401 prosequi,

229 1417 436 1471 quotiens
465 1430 547 1470 pro
576 1417 687 1471 ipsis
710 1430 791 1460 nos
815 1418 1044 1471 requirere
1066 1418 1297 1460 volueritis
1321 1419 1571 1472 fructuosis,
1603 1421 1806 1474 rogantes
1830 1421 2023 1461 vestram

227 1481 553 1530 fraternitatem
585 1487 819 1530 affectione
852 1488 1056 1541 iocunda,
1099 1491 1150 1531 ut
1189 1491 1345 1532 crebro
1390 1491 1519 1532 nobis
1563 1490 1721 1533 vestris
1764 1489 1936 1542 litteris,
1985 1489 2021 1530 si

228 1559 489 1612 complacet,
533 1559 798 1611 rescribatis,
845 1559 1008 1613 quibus
1054 1574 1132 1602 vos
1178 1561 1406 1603 beneficiis
1452 1562 1598 1604 foveat
1641 1561 1868 1604 miseratio
1907 1560 2021 1614 regis

229 1631 421 1672 celestis.
464 1630 736 1683 Deniqueet
764 1630 853 1683 illa,
879 1644 980 1684 que,
1007 1633 1055 1672 ut
1076 1633 1313 1684 credimus,
1333 1632 1513 1674 domino
1531 1634 1811 1686 cooperante,
1835 1634 2022 1686 vergunt

158 1696 214 1737 20
228 1702 284 1743 ad
306 1701 626 1743 exaltationem
650 1702 843 1744 nominis
869 1702 1103 1745 christiani
1128 1704 1246 1757 regie
1268 1706 1415 1745 vestre
1439 1704 1668 1746 serenitati
1692 1703 1897 1745 duximus
1921 1717 2022 1744 cum

226 1772 503 1818 iucunditate
548 1772 854 1815 describenda.
930 1774 1086 1828 Nuper
1131 1775 1366 1828 siquidem,
1408 1774 1612 1817 videlieet
1656 1774 1917 1817 duodecima
1950 1774 2020 1816 die

227 1843 395 1885 mensis
419 1842 678 1897 Octobris,2>
710 1845 1028 1887 serenissimus
1061 1846 1196 1899 frater
1229 1848 1380 1888 noster
1412 1846 1666 1888 carissimus
1699 1846 1909 1899 princeps
1942 1845 2020 1886 do-

227 1914 374 1956 minus
406 1914 677 1957 Wladislaus
711 1928 787 1956 rex
820 1916 1004 1959 Polonie
1037 1919 1121 1958 etc.
1155 1917 1338 1959 intravit
1360 1931 1546 1971 regnum
1569 1918 1771 1960 nostrum
1795 1916 2020 1969 Hungarie

227 1985 359 2027 simul
408 1998 510 2027 cum
548 1985 777 2028 carissima
821 2000 973 2028 sorore
1021 1990 1187 2040 nostra,
1230 1988 1382 2030 inclita
1426 1988 1611 2043 coniuge
1656 2002 1750 2040 sua,
1789 1987 2019 2029 nobiscum

156 2050 211 2092 25
226 2055 541 2110 pacificaturus
564 2058 610 2099 et
631 2057 818 2099 visitans
854 2071 934 2101 nos
969 2072 1071 2101 cum
1101 2059 1336 2113 hylaritate
1361 2074 1534 2114 magna,
1568 2061 1722 2114 sicque
1747 2061 1902 2101 mutua
1924 2072 2020 2101 cor-

226 2127 368 2181 porali
408 2127 577 2170 visione
622 2129 851 2181 consolati,
892 2130 1155 2185 inspirante,
1196 2134 1247 2173 ut
1287 2131 1477 2173 firmiter
1516 2132 1750 2184 credimus,
1789 2131 1836 2173 in
1881 2144 2020 2172 unum

226 2198 348 2240 cordi
380 2200 531 2241 nostro
563 2201 703 2254 gratia
736 2200 919 2255 spiritus
953 2202 1093 2244 sancti
1128 2202 1350 2256 paracliti,
1392 2203 1482 2257 qui,
1524 2203 1601 2245 ubi
1634 2203 1737 2254 volt,
1772 2202 1924 2256 spirat,
1964 2202 2019 2243 ad

226 2263 418 2322 laudem,
451 2271 637 2324 gloriam
669 2273 713 2314 et
744 2273 960 2315 honorem
994 2274 1074 2315 Dei
1107 2274 1427 2327 omnipotentis
1452 2288 1533 2328 pro
1556 2274 1750 2328 generali
1771 2274 1890 2315 bono
1913 2272 2018 2314 fidei

227 2340 468 2383 christiane
490 2355 540 2384 ac
559 2345 836 2385 sacrosancte
855 2345 1057 2387 Romane
1077 2346 1122 2387 et
1141 2344 1404 2388 universalis
1423 2346 1621 2397 ecclesie,
1644 2346 1819 2400 imperii
1840 2358 2018 2399 quoque

156 2406 212 2448 30
227 2411 419 2454 Romani
460 2413 618 2456 robore
658 2427 708 2456 ac
740 2414 1056 2471 incrementoc)
1098 2416 1235 2458 totius
1269 2417 1513 2470 reipublice
1550 2417 1679 2458 firma
1716 2418 1761 2458 et
1802 2418 2018 2470 perpetua

225 2494 335 2535 pace
368 2485 524 2526 mutua
557 2485 866 2528 vicissitudine
899 2486 1015 2529 inter
1047 2501 1143 2540 nos,
1177 2501 1326 2542 regna,
1359 2489 1503 2530 terras
1537 2490 1580 2530 et
1603 2487 1805 2530 subditos
1840 2488 2016 2529 nostros

227 2552 436 2607 utrinque
476 2555 715 2599 reformata
754 2558 798 2599 et
837 2558 1035 2600 stabilita
1075 2559 1246 2601 sincere
1285 2560 1576 2602 fraternitatis
1613 2558 1858 2601 inviolabili
1901 2571 2016 2599 nexu

343 2754 374 2788 a)
395 2754 584 2783 conthorali
603 2757 640 2783 B.
679 2756 709 2792 b)
731 2757 853 2792 coiuge
873 2759 911 2785 Β.
950 2759 979 2793 c)
1001 2758 1105 2786 robur
1125 2766 1164 2787 ac
1184 2759 1389 2787 incrementa
1408 2759 1446 2786 B.

0 2788 18 2874 ἒ
347 2826 374 2870 ¹)
401 2825 622 2871 Siyismunds
653 2828 806 2864 Tochter
830 2829 964 2874 Maria,
989 2830 1045 2865 die
1073 2833 1215 2877 spc'itere
1250 2830 1433 2865 Gemahlin
1458 2829 1649 2864 Albraclzts
1675 2830 1723 2879 II.

0 2878 18 2954 Ξ
155 2890 210 2932 35
346 2897 374 2941 ³)
401 2896 501 2932 Statt
523 2897 678 2933 October
707 2899 757 2934 ist
785 2899 891 2934 Miirz
925 2913 972 2935 zu
997 2907 1128 2936 setzen.
1190 2901 1257 2948 Vsql.
1284 2901 1487 2946 Ascltbacle,
1531 2882 1741 2936 Gesclzc'elete
1773 2901 1905 2935 Kaiser
1932 2900 2014 2945 Siq-

0 2990 3 2991 7
224 2955 345 2989 munds
370 2955 400 2999 I,
431 2955 503 2990 316
532 2957 605 2991 und
634 2957 825 2993 besonders
861 2958 968 3004 Caro,
1012 2960 1223 2995 Geselzielete
1249 2961 1379 2996 Polens
1404 2961 1473 3006 III,
1505 2961 1576 2995 380
1593 2961 1638 3008 ff.
1689 2961 1789 2995 Dort
1811 2959 1902 2994 auch
1926 2958 2014 2995 iiber

0 2955 42 3212 t
224 3013 289 3051 das
327 3013 538 3052 thc'iltniss
562 3015 692 3052 Polemi
716 3029 796 3052 zum
820 3018 1011 3055 deutschen
1036 3020 1166 3061 Orden,

0 3098 4 3128 ἱ
