2216 3432
417 152 455 188 G.
498 151 675 187 Benedikt
702 152 815 195 XIII.,
842 154 998 198 Spanien
1022 157 1094 190 und
1120 157 1181 191 das
1208 159 1424 196 Konstanzer
1450 164 1584 201 Konzil.
1628 166 1684 202 Nr.
1710 168 1763 204 87.
1879 159 1956 201 331

213 262 334 303 tores
379 261 433 303 de
477 259 686 301 concordi
726 259 1040 304 deliberatione
1073 266 1470 310 coambaxiatorum
1503 271 1812 326 predictorum,
1845 277 1961 328 quod
1987 279 1989 282 ’

213 331 415 374 firmetur
445 332 602 373 mutua
632 331 731 385 ipsa
761 332 870 374 visio
903 335 948 375 in
981 334 1152 377 civitate
1184 337 1373 379 Niciensi
1406 342 1447 381 et
1478 342 1690 384 territorio
1722 358 1812 385 suo.

334 402 398 460 [6]
461 402 518 445 Et
548 415 629 457 pro
661 403 858 445 ulteriori
889 406 1025 446 eciam
1048 407 1336 450 declaratione
1359 412 1523 464 negocii
1547 414 1725 466 predicti
1747 416 1964 457 ambaxia-

213 477 335 518 tores
373 474 462 516 sint
501 473 669 527 avisati,
709 476 843 528 quod,
886 489 983 517 cum
1022 478 1222 520 dominus
1263 483 1410 522 noster
1449 495 1564 535 papa
1603 485 1645 524 et
1681 484 1855 526 illustris
1893 500 1961 527 rex

172 545 472 601 5Aragonum
514 559 594 600 per
632 547 796 587 terram
834 550 1055 600 nequeant
1095 550 1149 590 ad
1182 551 1339 592 dictam
1372 552 1586 594 civitatem
1619 556 1819 596 accedere
1851 571 1965 597 coin-

213 618 359 671 mode,
402 618 502 660 ideo
543 619 719 672 oportet
758 620 1004 660 necessario
1044 620 1150 661 istos
1189 622 1298 662 duos
1338 622 1536 663 dominos
1577 624 1618 664 in
1657 626 1787 678 galeis
1819 629 1861 667 et
1891 641 1967 680 per

214 703 334 731 mare
364 690 572 731 accedere
596 690 652 730 ad
675 689 836 731 dictam
860 690 1080 731 civitatem
1102 691 1357 734 Niciensein.
1393 695 1445 735 Et
1468 695 1569 747 quia
1592 697 1709 743 galee
1731 696 1823 749 ipse
1847 697 1966 738 litore

215 761 329 803 dicte
372 761 560 803 civitatis
599 763 828 814 nequeunt
860 762 972 802 sicut
1004 775 1083 803 nec
1116 763 1200 804 alia
1232 765 1403 817 navigia
1434 766 1601 806 diucius
1634 781 1780 807 secure
1799 768 1966 819 morari,

213 834 320 876 item
352 833 456 887 quia
488 846 569 874 nec
600 832 645 873 in
679 833 851 874 civitate
885 833 1037 874 eadem
1070 836 1251 886 possent
1281 835 1567 877 verisimiliter
1588 840 1736 890 gentes
1760 838 1967 878 dictorum

148 902 347 947 IOtrium
379 903 674 956 dominorum,
709 904 979 945 diversarum
1015 905 1165 957 utique
1198 907 1427 947 nacionum
1461 909 1499 948 et
1534 908 1845 957 condicionum,
1879 908 1968 948 sine

215 977 399 1018 alicuius
439 976 671 1017 occasione
705 976 921 1016 discordie
954 976 1138 1017 invicem
1170 978 1438 1027 commorari,
1473 979 1525 1018 ad
1560 979 1796 1019 tollendum
1830 979 1969 1018 cuius-

215 1062 390 1102 cunque
423 1048 526 1089 mali
558 1048 626 1090 vel
661 1048 877 1089 discordie
907 1048 1204 1088 occassionem
1227 1048 1367 1089 visum
1391 1050 1456 1089 est
1479 1049 1571 1089 istis¹
1595 1049 1765 1089 (luobus
1788 1049 1970 1088 dominis

215 1120 335 1169 utile,
369 1122 418 1161 ut
450 1118 534 1173 ipsi
568 1120 656 1160 duo
689 1119 862 1159 in‘loco
897 1122 939 1160 ct
968 1121 1097 1172 portu
1124 1120 1420 1171 Yillefranclie,
1455 1120 1537 1160 alio
1561 1120 1733 1160 nomine
1760 1119 1971 1160 l'ortolius

214 1193 386 1244 vocato,
427 1205 527 1232 cum
566 1192 658 1232 suis
697 1191 902 1244 gentibus
937 1192 1273 1241 commorentur,
1319 1191 1528 1231 habentes
1570 1204 1706 1243 prope
1738 1205 1782 1230 se
1815 1189 1970 1242 galeas,

149 1259 201 1300 15
217 1276 328 1316 quas
368 1263 549 1314 ducent,
606 1276 692 1315 que
732 1262 775 1302 in
815 1263 944 1314 portu
985 1262 1087 1303 dicii
1128 1262 1207 1302 loci
1247 1262 1300 1302 ab
1341 1262 1456 1302 oinni
1500 1262 1628 1302 mari>-
1668 1262 1709 1301 et
1746 1262 1971 1300 ventorum

214 1335 480 1387 tempestate
512 1335 723 1387 poterunt
756 1340 851 1374 esse
885 1346 1050 1384 secure,
1085 1336 1124 1375 et
1160 1334 1298 1374 dictus
1332 1347 1402 1373 rex
1427 1334 1725 1373 Romanorum
1758 1344 1853 1370 cuni
1885 1329 1972 1369 suis

215 1405 426 1458 poterunt
470 1404 717 1458 spaciosius
751 1405 796 1445 in
829 1404 1001 1446 civitate
1034 1405 1129 1457 ipsa
1162 1404 1279 1444 Nicie
1313 1403 1580 1444 commorari.
1644 1402 1697 1443 Et
1729 1401 1763 1440 si
1794 1401 1973 1441 interro-

215 1477 374 1530 gentur
416 1476 471 1517 de
513 1476 817 1529 sequentibus,
852 1477 1057 1528 poterunt
1092 1475 1375 1528 respondere,
1421 1475 1537 1527 quod
1578 1472 1772 1525 sequitur
1809 1473 1849 1511 et
1888 1484 1971 1510 non

217 1547 345 1589 alias:
377 1547 598 1599 videlicet,
633 1547 767 1600 quod,
808 1560 907 1587 cuin
945 1546 1003 1587 ibi
1037 1546 1208 1594 suerint,
1248 1546 1408 1598 poterit
1451 1546 1494 1586 in
1534 1544 1646 1584 dieto
1689 1544 1815 1595 portu
1854 1541 1972 1581 locus

146 1615 203 1656 ΞΟ
218 1618 318 1672 eligi
361 1619 609 1672 oportunus
651 1618 787 1659 eciam
831 1632 928 1658 cuin
967 1619 1101 1670 ponte
1140 1618 1181 1657 et
1214 1618 1441 1669 coperturu
1475 1614 1620 1663 habili,
1655 1614 1689 1654 si
1723 1612 1971 1664 expedierit,

217 1689 516 1742 fabricandus,
557 1690 613 1731 ad
656 1703 788 1743 quem
832 1689 1036 1729 domiuus
1078 1690 1224 1728 noster
1257 1701 1354 1728 cuni
1387 1686 1561 1726 domino
1596 1698 1692 1737 rege
1725 1684 1972 1733 Aragonum

216 1761 263 1802 in
304 1761 439 1815 galeis
483 1774 563 1814 per
602 1774 764 1814 aquam
804 1761 847 1802 et
879 1760 1020 1800 dictus
1054 1759 1255 1799 dominus
1289 1771 1362 1799 rex
1396 1758 1691 1798 Romanorum
1726 1766 1821 1793 cum
1854 1751 1972 1803 equi-

216 1833 374 1874 taturis
413 1845 493 1886 per
523 1834 686 1874 terram
713 1833 928 1885 poterunt
965 1831 1168 1877 honeste,
1209 1843 1357 1870 secure
1390 1830 1428 1867 et
1455 1826 1632 1867 faciliter
1654 1824 1782 1871 horis5
1815 1822 1972 1874 quibus

216 1903 456 1956 voluerint,
502 1903 749 1945 convenire.
814 1903 868 1943 Et
908 1903 943 1942 si
983 1902 1126 1954 alique
1168 1900 1418 1940 securitates
1459 1898 1568 1938 inter
1607 1896 1749 1948 partes
1789 1892 1852 1933 vel
1893 1891 1972 1931 ulia

146 1972 200 2012 25
217 1975 274 2016 ad
295 1975 463 2016 bonum
496 1975 665 2028 negocii
698 1974 859 2016 suerint
891 1973 1072 2014 ulterius
1106 1970 1384 2024 previdenda,
1408 1968 1609 2021 poterunt
1635 1965 1733 2005 dieti
1757 1962 1973 2003 ainbaxia-

216 2047 335 2087 tores
379 2047 433 2088 de
479 2046 686 2087 concordi
734 2044 1055 2086 deliberacione
1105 2042 1395 2095 predictorum
1435 2036 1846 2079 coanibaxiatorum,
1890 2045 1973 2083 que

217 2117 503 2159 racionabilia
543 2117 704 2159 suerint
742 2118 786 2158 et
818 2115 1022 2169 expedire
1055 2112 1327 2161 cruliderint,
1362 2110 1532 2150 firmare
1565 2121 1662 2147 eum
1695 2118 1790 2157 rege
1814 2104 1973 2143 Ronla-

217 2202 378 2242 norum
410 2188 641 2243 prelibato.

338 2260 402 2316 [7]
466 2260 522 2301 Et
558 2259 701 2301 modis
746 2258 1003 2299 decentibus
1044 2258 1086 2297 et
1125 2253 1317 2296 honestis
1361 2251 1462 2292 dicti
1495 2247 1808 2290 ambaxiatores
1840 2242 1972 2283 infor-

147 2328 204 2370 30
220 2334 405 2375 mabunt
447 2332 610 2373 dictum
649 2343 794 2383 regern
830 2330 1131 2370 Ron‘ianorum
1166 2327 1217 2366 de
1251 2324 1399 2365 sancta
1432 2323 1473 2362 et
1504 2318 1692 2361 verifiica
1724 2316 1974 2364 sinceraque

219 2403 452 2445 affectione
492 2401 659 2443 domini
699 2399 838 2441 nostri
880 2400 935 2440 ad
981 2398 1188 2440 unionem
1228 2393 1561 2437 ecclesiasticam
1601 2383 1973 2438 consequendam,

217 2488 299 2529 pro
323 2486 426 2527 qua,
450 2473 562 2514 sicut
583 2485 665 2514 nec
688 2473 884 2522 actenus,
909 2470 984 2511 ubi
1008 2482 1104 2510 eam
1127 2465 1334 2519 consequi
1356 2460 1643 2505 verisimiliter
1665 2454 1856 2504 credidit,
1889 2464 1975 2492 non

219 2543 437 2586 dubitavit
475 2542 622 2584 subire
654 2543 843 2594 labores,
891 2540 1102 2594 pecunias
1135 2539 1177 2579 et
1207 2538 1325 2578 bona
1356 2532 1572 2575 excessivo
1607 2526 1848 2581 expendere
1880 2534 1975 2575 pel·-

220 2626 464 2668 sonamque
506 2626 634 2655 suam
670 2612 876 2666 periculis
915 2609 1190 2656 evidentibus
1235 2607 1328 2648 sine.
1367 2605 1521 2645 timore
1563 2611 1800 2652 exponere,
1840 2593 1898 2633 ita
1934 2591 1975 2630 et

88 2699 90 2703 ⁴
149 2682 204 2723 35
220 2699 339 2728 nunc
390 2685 569 2726 iuvante
617 2684 710 2725 Deo
762 2683 951 2724 intendit
1003 2682 1045 2723 et
1098 2676 1374 2721 incommoda
1425 2670 1658 2714 senectutis
1714 2666 1975 2720 postponere

222 2759 265 2800 et
304 2757 389 2799 alia
428 2755 626 2809 predicta
671 2753 999 2807 infatigabiliter
1037 2750 1266 2799 sustinere,
1314 2746 1349 2786 si
1387 2742 1619 2785 cordi-alem
1665 2740 1706 2779 et
1746 2733 1974 2808 veridicum

222 2829 427 2871 affectum
475 2825 578 2868 dicti
625 2824 792 2866 domini
827 2823 940 2877 regis
978 2823 1282 2864 Romanorum
1319 2817 1374 2858 ad
1411 2815 1567 2856 dictam
1604 2809 1843 2880 un'ionenn·
1867 2800 1976 2842 Sicut

222 2900 431 2951 creditur,
480 2895 647 2938 senciat
689 2896 732 2937 et
770 2907 868 2936 eam
908 2892 1085 2946 assequi
1127 2904 1207 2945 per
1243 2889 1336 2930 eius
1374 2886 1565 2926 laborem
1606 2881 1648 2921 et
1700 2875 1975 2917 directlonem

220 2969 513 3014 verisimiliter
543 2967 702 3021 speret.

150 3032 228 3084 40‘
342 3041 406 3103 [8]
468 3039 519 3081 In
549 3038 634 3080 hoc
671 3037 820 3079 autem
860 3034 1002 3081 dictus
1034 3032 1239 3076 dominus
1269 3041 1345 3071 rex
1375 3026 1673 3070 Romanorum
1703 3012 1900 3057 ostendet
1929 3021 1974 3053 se
