<?xml version="1.0" encoding="UTF-8"?>
<!DOCTYPE html PUBLIC "-//W3C//DTD XHTML 1.0 Transitional//EN"
    "http://www.w3.org/TR/xhtml1/DTD/xhtml1-transitional.dtd">
<html xmlns="http://www.w3.org/1999/xhtml" xml:lang="en" lang="en">
 <head>
  <title>
</title>
<meta http-equiv="Content-Type" content="text/html;charset=utf-8" />
  <meta name='ocr-system' content='tesseract 3.04.00' />
  <meta name='ocr-capabilities' content='ocr_page ocr_carea ocr_par ocr_line ocrx_word'/>
</head>
<body>
  <div class='ocr_page' id='page_1' title='image "./actaconciliicons01counuoft_0061.png"; bbox 0 0 2216 3432; ppageno 0'>
   <div class='ocr_carea' id='block_1_1' title="bbox 0 0 327 241">
    <p class='ocr_par' dir='ltr' id='par_1_1' title="bbox 0 0 327 241">
     <span class='ocr_line' id='line_1_1' title="bbox 0 0 327 241; baseline 0 3191"><span class='ocrx_word' id='word_1_1' title='bbox 0 0 327 241; x_wconf 95' lang='lat' dir='ltr'> </span> 
     </span>
    </p>
   </div>
   <div class='ocr_carea' id='block_1_2' title="bbox 0 2710 52 3432">
    <p class='ocr_par' dir='ltr' id='par_1_2' title="bbox 0 2710 52 3432">
     <span class='ocr_line' id='line_1_2' title="bbox 0 2710 52 3432; baseline 0 -594"><span class='ocrx_word' id='word_1_2' title='bbox 0 2710 52 3432; x_wconf 95' lang='lat' dir='ltr'>  </span> 
     </span>
    </p>
   </div>
   <div class='ocr_carea' id='block_1_3' title="bbox 52 3011 87 3343">
    <p class='ocr_par' dir='ltr' id='par_1_3' title="bbox 52 3011 93 3343">
     <span class='ocr_line' id='line_1_3' title="bbox 52 3011 62 3061; baseline 0 0"><span class='ocrx_word' id='word_1_3' title='bbox 52 3011 62 3061; x_wconf 63' lang='lat' dir='ltr'>l</span> 
     </span>
     <span class='ocr_line' id='line_1_4' title="bbox 58 3152 87 3276; baseline 0.314 -6"><span class='ocrx_word' id='word_1_4' title='bbox 58 3152 87 3276; x_wconf 69' lang='lat' dir='ltr'>l</span> 
     </span>
     <span class='ocr_line' id='line_1_5' title="bbox 66 3286 75 3343; baseline 0 0"><span class='ocrx_word' id='word_1_5' title='bbox 66 3286 75 3343; x_wconf 50' lang='lat' dir='ltr'>l</span> 
     </span>
    </p>
   </div>
   <div class='ocr_carea' id='block_1_4' title="bbox 462 0 541 9">
    <p class='ocr_par' dir='ltr' id='par_1_4' title="bbox 462 0 541 9">
     <span class='ocr_line' id='line_1_6' title="bbox 462 0 541 9; baseline 0.013 -2"><span class='ocrx_word' id='word_1_6' title='bbox 462 0 541 9; x_wconf 25' lang='lat' dir='ltr'>vu-zrv</span> 
     </span>
    </p>
   </div>
   <div class='ocr_carea' id='block_1_5' title="bbox 393 152 1979 208">
    <p class='ocr_par' dir='ltr' id='par_1_5' title="bbox 393 152 1979 208">
     <span class='ocr_line' id='line_1_7' title="bbox 393 152 1979 208; baseline -0.004 -7"><span class='ocrx_word' id='word_1_7' title='bbox 393 162 431 203; x_wconf 79' lang='lat' dir='ltr'>O.</span> <span class='ocrx_word' id='word_1_8' title='bbox 456 162 655 206; x_wconf 70' lang='lat' dir='ltr'>malatesta,</span> <span class='ocrx_word' id='word_1_9' title='bbox 681 159 818 208; x_wconf 78' lang='lat' dir='ltr'>Gregor</span> <span class='ocrx_word' id='word_1_10' title='bbox 841 159 925 198; x_wconf 88' lang='lat' dir='ltr'>x11.</span> <span class='ocrx_word' id='word_1_11' title='bbox 949 161 1023 196; x_wconf 90' lang='lat' dir='ltr'>und</span> <span class='ocrx_word' id='word_1_12' title='bbox 1049 159 1227 196; x_wconf 77' lang='lat' dir='ltr'>Benedikt</span> <span class='ocrx_word' id='word_1_13' title='bbox 1251 158 1353 196; x_wconf 86' lang='lat' dir='ltr'>XIII.</span> <span class='ocrx_word' id='word_1_14' title='bbox 1383 162 1630 199; x_wconf 84' lang='lat'>1410—1413.</span> <span class='ocrx_word' id='word_1_15' title='bbox 1657 162 1718 199; x_wconf 81' lang='lat' dir='ltr'>Nr.</span> <span class='ocrx_word' id='word_1_16' title='bbox 1744 164 1778 197; x_wconf 83' lang='lat'>8.</span> <span class='ocrx_word' id='word_1_17' title='bbox 1923 152 1979 195; x_wconf 84' lang='lat'>47</span> 
     </span>
    </p>
   </div>
   <div class='ocr_carea' id='block_1_6' title="bbox 119 268 1995 2838">
    <p class='ocr_par' dir='ltr' id='par_1_6' title="bbox 148 268 1993 900">
     <span class='ocr_line' id='line_1_8' title="bbox 188 268 1978 330; baseline -0.003 -12"><span class='ocrx_word' id='word_1_18' title='bbox 188 275 324 330; x_wconf 87' lang='lat' dir='ltr'>plane</span> <span class='ocrx_word' id='word_1_19' title='bbox 355 271 569 316; x_wconf 87' lang='lat' dir='ltr'>solvendo</span> <span class='ocrx_word' id='word_1_20' title='bbox 602 270 696 313; x_wconf 91' lang='lat' dir='ltr'>suis</span> <span class='ocrx_word' id='word_1_21' title='bbox 729 283 849 321; x_wconf 84' lang='lat' dir='ltr'>casu,</span> <span class='ocrx_word' id='word_1_22' title='bbox 898 269 993 311; x_wconf 90' lang='lat' dir='ltr'>loco</span> <span class='ocrx_word' id='word_1_23' title='bbox 1042 268 1088 310; x_wconf 88' lang='lat' dir='ltr'>et</span> <span class='ocrx_word' id='word_1_24' title='bbox 1135 268 1337 323; x_wconf 89' lang='lat' dir='ltr'>tempore</span> <span class='ocrx_word' id='word_1_25' title='bbox 1370 282 1513 323; x_wconf 89' lang='lat' dir='ltr'>usque</span> <span class='ocrx_word' id='word_1_26' title='bbox 1547 269 1601 311; x_wconf 88' lang='lat' dir='ltr'>ad</span> <span class='ocrx_word' id='word_1_27' title='bbox 1637 282 1857 312; x_wconf 90' lang='lat' dir='ltr'>summam</span> <span class='ocrx_word' id='word_1_28' title='bbox 1890 272 1978 313; x_wconf 86' lang='lat' dir='ltr'>tre-</span> 
     </span>
     <span class='ocr_line' id='line_1_9' title="bbox 189 339 1981 395; baseline -0.003 -6"><span class='ocrx_word' id='word_1_29' title='bbox 189 346 421 389; x_wconf 88' lang='lat' dir='ltr'>centorum</span> <span class='ocrx_word' id='word_1_30' title='bbox 453 343 625 386; x_wconf 91' lang='lat' dir='ltr'>milium</span> <span class='ocrx_word' id='word_1_31' title='bbox 659 343 933 385; x_wconf 89' lang='lat' dir='ltr'>florenorum</span> <span class='ocrx_word' id='word_1_32' title='bbox 966 341 1036 383; x_wconf 87' lang='lat' dir='ltr'>vel</span> <span class='ocrx_word' id='word_1_33' title='bbox 1070 339 1215 393; x_wconf 88' lang='lat' dir='ltr'>aliam,</span> <span class='ocrx_word' id='word_1_34' title='bbox 1265 341 1318 382; x_wconf 92' lang='lat' dir='ltr'>de</span> <span class='ocrx_word' id='word_1_35' title='bbox 1368 353 1454 395; x_wconf 90' lang='lat' dir='ltr'>qua</span> <span class='ocrx_word' id='word_1_36' title='bbox 1485 340 1606 382; x_wconf 87' lang='lat' dir='ltr'>inter</span> <span class='ocrx_word' id='word_1_37' title='bbox 1652 342 1803 395; x_wconf 83' lang='lat' dir='ltr'>partes</span> <span class='ocrx_word' id='word_1_38' title='bbox 1850 343 1981 384; x_wconf 89' lang='lat' dir='ltr'>fuerit</span> 
     </span>
     <span class='ocr_line' id='line_1_10' title="bbox 190 411 1980 471; baseline -0.003 -10"><span class='ocrx_word' id='word_1_39' title='bbox 190 417 523 471; x_wconf 77' lang='lat' dir='ltr'>concordatum.</span> <span class='ocrx_word' id='word_1_40' title='bbox 587 414 842 456; x_wconf 89' lang='lat' dir='ltr'>Tradentur</span> <span class='ocrx_word' id='word_1_41' title='bbox 889 412 1029 454; x_wconf 89' lang='lat' dir='ltr'>eciam</span> <span class='ocrx_word' id='word_1_42' title='bbox 1078 412 1164 454; x_wconf 90' lang='lat' dir='ltr'>sibi</span> <span class='ocrx_word' id='word_1_43' title='bbox 1202 425 1284 467; x_wconf 92' lang='lat' dir='ltr'>pro</span> <span class='ocrx_word' id='word_1_44' title='bbox 1318 411 1557 455; x_wconf 77' lang='lat' dir='ltr'>securitate</span> <span class='ocrx_word' id='word_1_45' title='bbox 1590 425 1672 454; x_wconf 90' lang='lat' dir='ltr'>sua</span> <span class='ocrx_word' id='word_1_46' title='bbox 1704 415 1749 456; x_wconf 92' lang='lat' dir='ltr'>et</span> <span class='ocrx_word' id='word_1_47' title='bbox 1783 426 1980 466; x_wconf 85' lang='lat' dir='ltr'>suorum,</span> 
     </span>
     <span class='ocr_line' id='line_1_11' title="bbox 189 483 1981 540; baseline -0.002 -9"><span class='ocrx_word' id='word_1_48' title='bbox 189 488 226 531; x_wconf 91' lang='lat' dir='ltr'>si</span> <span class='ocrx_word' id='word_1_49' title='bbox 279 486 481 539; x_wconf 86' lang='lat' dir='ltr'>voluerit,</span> <span class='ocrx_word' id='word_1_50' title='bbox 529 499 671 540; x_wconf 89' lang='lat' dir='ltr'>prope</span> <span class='ocrx_word' id='word_1_51' title='bbox 717 498 840 527; x_wconf 88' lang='lat' dir='ltr'>mare</span> <span class='ocrx_word' id='word_1_52' title='bbox 888 497 1040 534; x_wconf 89' lang='lat' dir='ltr'>unum,</span> <span class='ocrx_word' id='word_1_53' title='bbox 1089 484 1177 526; x_wconf 90' lang='lat' dir='ltr'>duo</span> <span class='ocrx_word' id='word_1_54' title='bbox 1216 484 1287 526; x_wconf 84' lang='lat' dir='ltr'>vel</span> <span class='ocrx_word' id='word_1_55' title='bbox 1318 483 1402 526; x_wconf 88' lang='lat' dir='ltr'>tria</span> <span class='ocrx_word' id='word_1_56' title='bbox 1436 485 1585 527; x_wconf 85' lang='lat' dir='ltr'>castra</span> <span class='ocrx_word' id='word_1_57' title='bbox 1617 484 1845 538; x_wconf 73' lang='lat' dir='ltr'>notabilia,</span> <span class='ocrx_word' id='word_1_58' title='bbox 1895 499 1981 540; x_wconf 87' lang='lat' dir='ltr'>que</span> 
     </span>
     <span class='ocr_line' id='line_1_12' title="bbox 148 554 1993 612; baseline -0.002 -9"><span class='ocrx_word' id='word_1_59' title='bbox 148 561 328 603; x_wconf 86' lang='lat' dir='ltr'>5libere</span> <span class='ocrx_word' id='word_1_60' title='bbox 361 557 527 612; x_wconf 83' lang='lat' dir='ltr'>poterit</span> <span class='ocrx_word' id='word_1_61' title='bbox 559 557 751 599; x_wconf 87' lang='lat' dir='ltr'>retinere</span> <span class='ocrx_word' id='word_1_62' title='bbox 784 569 887 598; x_wconf 91' lang='lat' dir='ltr'>cum</span> <span class='ocrx_word' id='word_1_63' title='bbox 918 554 1040 597; x_wconf 90' lang='lat' dir='ltr'>omni</span> <span class='ocrx_word' id='word_1_64' title='bbox 1072 554 1270 597; x_wconf 89' lang='lat' dir='ltr'>dominio</span> <span class='ocrx_word' id='word_1_65' title='bbox 1304 556 1359 597; x_wconf 89' lang='lat' dir='ltr'>ad</span> <span class='ocrx_word' id='word_1_66' title='bbox 1393 556 1584 610; x_wconf 77' lang='lat' dir='ltr'>tempus,</span> <span class='ocrx_word' id='word_1_67' title='bbox 1634 556 1688 598; x_wconf 90' lang='lat' dir='ltr'>de</span> <span class='ocrx_word' id='word_1_68' title='bbox 1722 569 1812 610; x_wconf 92' lang='lat' dir='ltr'>quo</span> <span class='ocrx_word' id='word_1_69' title='bbox 1846 558 1993 601; x_wconf 83' lang='lat' dir='ltr'>fuerit</span> 
     </span>
     <span class='ocr_line' id='line_1_13' title="bbox 189 625 1980 682; baseline -0.002 -8"><span class='ocrx_word' id='word_1_70' title='bbox 189 631 519 681; x_wconf 70' lang='lat' dir='ltr'>concordatum,</span> <span class='ocrx_word' id='word_1_71' title='bbox 554 629 659 670; x_wconf 82' lang='lat' dir='ltr'>data</span> <span class='ocrx_word' id='word_1_72' title='bbox 690 627 816 682; x_wconf 92' lang='lat' dir='ltr'>prius</span> <span class='ocrx_word' id='word_1_73' title='bbox 850 626 1086 669; x_wconf 77' lang='lat' dir='ltr'>securitate</span> <span class='ocrx_word' id='word_1_74' title='bbox 1112 625 1350 668; x_wconf 81' lang='lat' dir='ltr'>sufficienti</span> <span class='ocrx_word' id='word_1_75' title='bbox 1384 627 1438 669; x_wconf 92' lang='lat' dir='ltr'>de</span> <span class='ocrx_word' id='word_1_76' title='bbox 1471 627 1751 670; x_wconf 89' lang='lat' dir='ltr'>restituendo</span> <span class='ocrx_word' id='word_1_77' title='bbox 1784 642 1837 670; x_wconf 86' lang='lat' dir='ltr'>ea</span> <span class='ocrx_word' id='word_1_78' title='bbox 1867 629 1980 670; x_wconf 84' lang='lat' dir='ltr'>tem-</span> 
     </span>
     <span class='ocr_line' id='line_1_14' title="bbox 187 694 1979 758; baseline -0.002 -13"><span class='ocrx_word' id='word_1_79' title='bbox 187 716 296 758; x_wconf 89' lang='lat' dir='ltr'>pore</span> <span class='ocrx_word' id='word_1_80' title='bbox 329 703 372 744; x_wconf 92' lang='lat' dir='ltr'>et</span> <span class='ocrx_word' id='word_1_81' title='bbox 403 701 533 742; x_wconf 91' lang='lat' dir='ltr'>modo</span> <span class='ocrx_word' id='word_1_82' title='bbox 556 698 850 742; x_wconf 78' lang='lat' dir='ltr'>concordatis.</span> <span class='ocrx_word' id='word_1_83' title='bbox 905 698 962 740; x_wconf 90' lang='lat' dir='ltr'>Et</span> <span class='ocrx_word' id='word_1_84' title='bbox 986 698 1141 740; x_wconf 83' lang='lat' dir='ltr'>vasalli</span> <span class='ocrx_word' id='word_1_85' title='bbox 1174 694 1395 741; x_wconf 88' lang='lat' dir='ltr'>dictorum</span> <span class='ocrx_word' id='word_1_86' title='bbox 1429 701 1679 742; x_wconf 85' lang='lat' dir='ltr'>castrorum</span> <span class='ocrx_word' id='word_1_87' title='bbox 1712 701 1979 754; x_wconf 84' lang='lat' dir='ltr'>prestabnnt</span> 
     </span>
     <span class='ocr_line' id='line_1_15' title="bbox 188 770 1982 825; baseline -0.002 -9"><span class='ocrx_word' id='word_1_88' title='bbox 188 774 274 816; x_wconf 91' lang='lat' dir='ltr'>sibi</span> <span class='ocrx_word' id='word_1_89' title='bbox 305 772 535 815; x_wconf 88' lang='lat' dir='ltr'>fidelitatis</span> <span class='ocrx_word' id='word_1_90' title='bbox 566 770 867 813; x_wconf 88' lang='lat' dir='ltr'>iuramentum</span> <span class='ocrx_word' id='word_1_91' title='bbox 900 770 984 811; x_wconf 84' lang='lat' dir='ltr'>etc.</span> <span class='ocrx_word' id='word_1_92' title='bbox 1018 770 1074 812; x_wconf 88' lang='lat' dir='ltr'>Et</span> <span class='ocrx_word' id='word_1_93' title='bbox 1105 770 1161 812; x_wconf 92' lang='lat' dir='ltr'>ad</span> <span class='ocrx_word' id='word_1_94' title='bbox 1192 770 1276 812; x_wconf 91' lang='lat' dir='ltr'>hoc</span> <span class='ocrx_word' id='word_1_95' title='bbox 1309 772 1501 825; x_wconf 86' lang='lat' dir='ltr'>possunt</span> <span class='ocrx_word' id='word_1_96' title='bbox 1533 770 1756 813; x_wconf 90' lang='lat' dir='ltr'>nominari</span> <span class='ocrx_word' id='word_1_97' title='bbox 1790 773 1982 814; x_wconf 80' lang='lat' dir='ltr'>castrum</span> 
     </span>
     <span class='ocr_line' id='line_1_16' title="bbox 190 841 1982 900; baseline -0.002 -12"><span class='ocrx_word' id='word_1_98' title='bbox 190 846 244 888; x_wconf 93' lang='lat' dir='ltr'>de</span> <span class='ocrx_word' id='word_1_99' title='bbox 277 846 405 899; x_wconf 84' lang='lat' dir='ltr'>Ciges</span> <span class='ocrx_word' id='word_1_100' title='bbox 423 844 457 900; x_wconf 87' lang='lat'>1)</span> <span class='ocrx_word' id='word_1_101' title='bbox 488 843 535 885; x_wconf 88' lang='lat' dir='ltr'>in</span> <span class='ocrx_word' id='word_1_102' title='bbox 568 843 696 885; x_wconf 89' lang='lat' dir='ltr'>litore</span> <span class='ocrx_word' id='word_1_103' title='bbox 729 841 880 894; x_wconf 49' lang='lat' dir='ltr'>maris</span> <span class='ocrx_word' id='word_1_104' title='bbox 915 842 1034 896; x_wconf 89' lang='lat' dir='ltr'>quod</span> <span class='ocrx_word' id='word_1_105' title='bbox 1068 841 1203 884; x_wconf 85' lang='lat' dir='ltr'>distat</span> <span class='ocrx_word' id='word_1_106' title='bbox 1236 855 1261 884; x_wconf 89' lang='lat' dir='ltr'>a</span> <span class='ocrx_word' id='word_1_107' title='bbox 1285 842 1405 885; x_wconf 90' lang='lat' dir='ltr'>dicta</span> <span class='ocrx_word' id='word_1_108' title='bbox 1428 842 1607 884; x_wconf 86' lang='lat' dir='ltr'>civitate</span> <span class='ocrx_word' id='word_1_109' title='bbox 1626 843 1982 895; x_wconf 80' lang='lat' dir='ltr'>Terraconiensi,</span> 
     </span>
    </p>

    <p class='ocr_par' dir='ltr' id='par_1_7' title="bbox 121 913 1995 1115">
     <span class='ocr_line' id='line_1_17' title="bbox 121 913 1983 974; baseline -0.002 -13"><span class='ocrx_word' id='word_1_110' title='bbox 121 919 270 974; x_wconf 81' lang='lat' dir='ltr'>10pe1·</span> <span class='ocrx_word' id='word_1_111' title='bbox 301 916 439 959; x_wconf 93' lang='lat' dir='ltr'>XVIII</span> <span class='ocrx_word' id='word_1_112' title='bbox 460 915 653 958; x_wconf 89' lang='lat' dir='ltr'>miliaria</span> <span class='ocrx_word' id='word_1_113' title='bbox 685 917 730 957; x_wconf 90' lang='lat' dir='ltr'>et</span> <span class='ocrx_word' id='word_1_114' title='bbox 753 916 946 967; x_wconf 82' lang='lat' dir='ltr'>castrum</span> <span class='ocrx_word' id='word_1_115' title='bbox 980 914 1034 955; x_wconf 91' lang='lat' dir='ltr'>de</span> <span class='ocrx_word' id='word_1_116' title='bbox 1067 914 1300 956; x_wconf 88' lang='lat' dir='ltr'>Tamarice</span> <span class='ocrx_word' id='word_1_117' title='bbox 1332 913 1378 955; x_wconf 91' lang='lat' dir='ltr'>in</span> <span class='ocrx_word' id='word_1_118' title='bbox 1412 914 1541 956; x_wconf 90' lang='lat' dir='ltr'>litore</span> <span class='ocrx_word' id='word_1_119' title='bbox 1574 914 1723 965; x_wconf 72' lang='lat' dir='ltr'>maris,</span> <span class='ocrx_word' id='word_1_120' title='bbox 1765 916 1884 969; x_wconf 90' lang='lat' dir='ltr'>quod</span> <span class='ocrx_word' id='word_1_121' title='bbox 1918 915 1983 957; x_wconf 89' lang='lat' dir='ltr'>di-</span> 
     </span>
     <span class='ocr_line' id='line_1_18' title="bbox 189 985 1983 1041; baseline -0.002 -9"><span class='ocrx_word' id='word_1_122' title='bbox 189 990 275 1032; x_wconf 85' lang='lat' dir='ltr'>stat</span> <span class='ocrx_word' id='word_1_123' title='bbox 299 1003 324 1031; x_wconf 89' lang='lat' dir='ltr'>a</span> <span class='ocrx_word' id='word_1_124' title='bbox 347 988 464 1031; x_wconf 89' lang='lat' dir='ltr'>dicta</span> <span class='ocrx_word' id='word_1_125' title='bbox 487 987 665 1029; x_wconf 88' lang='lat' dir='ltr'>civitate</span> <span class='ocrx_word' id='word_1_126' title='bbox 697 999 778 1041; x_wconf 91' lang='lat' dir='ltr'>per</span> <span class='ocrx_word' id='word_1_127' title='bbox 810 986 900 1028; x_wconf 89' lang='lat' dir='ltr'>tria</span> <span class='ocrx_word' id='word_1_128' title='bbox 933 985 1140 1028; x_wconf 85' lang='lat' dir='ltr'>milliaria</span> <span class='ocrx_word' id='word_1_129' title='bbox 1162 987 1350 1031; x_wconf 83' lang='lat' dir='ltr'>tantum.</span> <span class='ocrx_word' id='word_1_130' title='bbox 1384 988 1426 1029; x_wconf 92' lang='lat' dir='ltr'>et</span> <span class='ocrx_word' id='word_1_131' title='bbox 1454 989 1649 1028; x_wconf 87' lang='lat' dir='ltr'>castrum</span> <span class='ocrx_word' id='word_1_132' title='bbox 1684 987 1738 1029; x_wconf 91' lang='lat' dir='ltr'>de</span> <span class='ocrx_word' id='word_1_133' title='bbox 1763 987 1983 1030; x_wconf 88' lang='lat' dir='ltr'>Constan-</span> 
     </span>
     <span class='ocr_line' id='line_1_19' title="bbox 189 1051 1995 1115; baseline -0.002 -12"><span class='ocrx_word' id='word_1_134' title='bbox 189 1061 297 1113; x_wconf 61' lang='lat' dir='ltr'>tino2</span> <span class='ocrx_word' id='word_1_135' title='bbox 331 1061 452 1115; x_wconf 90' lang='lat' dir='ltr'>quod</span> <span class='ocrx_word' id='word_1_136' title='bbox 486 1059 620 1102; x_wconf 86' lang='lat' dir='ltr'>distat</span> <span class='ocrx_word' id='word_1_137' title='bbox 652 1071 733 1112; x_wconf 87' lang='lat' dir='ltr'>per</span> <span class='ocrx_word' id='word_1_138' title='bbox 767 1059 854 1100; x_wconf 94' lang='lat' dir='ltr'>duo</span> <span class='ocrx_word' id='word_1_139' title='bbox 887 1057 1091 1109; x_wconf 82' lang='lat' dir='ltr'>miliaria,</span> <span class='ocrx_word' id='word_1_140' title='bbox 1125 1070 1211 1111; x_wconf 87' lang='lat' dir='ltr'>que</span> <span class='ocrx_word' id='word_1_141' title='bbox 1244 1059 1390 1099; x_wconf 88' lang='lat' dir='ltr'>castra</span> <span class='ocrx_word' id='word_1_142' title='bbox 1422 1058 1573 1100; x_wconf 91' lang='lat' dir='ltr'>omnia</span> <span class='ocrx_word' id='word_1_143' title='bbox 1606 1059 1712 1099; x_wconf 89' lang='lat' dir='ltr'>sunt</span> <span class='ocrx_word' id='word_1_144' title='bbox 1745 1058 1942 1101; x_wconf 86' lang='lat' dir='ltr'>ecclesie.</span> <span class='ocrx_word' id='word_1_145' title='bbox 1991 1051 1995 1053; x_wconf 68' lang='grc'><strong>’</strong></span> 
     </span>
    </p>

    <p class='ocr_par' dir='ltr' id='par_1_8' title="bbox 189 1129 1984 1257">
     <span class='ocr_line' id='line_1_20' title="bbox 308 1129 1983 1186; baseline -0.001 -11"><span class='ocrx_word' id='word_1_146' title='bbox 308 1133 513 1175; x_wconf 85' lang='lat' dir='ltr'>Secundo</span> <span class='ocrx_word' id='word_1_147' title='bbox 546 1132 694 1186; x_wconf 90' lang='lat' dir='ltr'>potest</span> <span class='ocrx_word' id='word_1_148' title='bbox 726 1129 876 1172; x_wconf 82' lang='lat' dir='ltr'>offerri</span> <span class='ocrx_word' id='word_1_149' title='bbox 907 1142 989 1183; x_wconf 92' lang='lat' dir='ltr'>pro</span> <span class='ocrx_word' id='word_1_150' title='bbox 1022 1130 1118 1172; x_wconf 91' lang='lat' dir='ltr'>loco</span> <span class='ocrx_word' id='word_1_151' title='bbox 1142 1129 1457 1172; x_wconf 81' lang='lat' dir='ltr'>convencionis</span> <span class='ocrx_word' id='word_1_152' title='bbox 1490 1130 1620 1172; x_wconf 89' lang='lat' dir='ltr'>modo</span> <span class='ocrx_word' id='word_1_153' title='bbox 1642 1130 1845 1184; x_wconf 89' lang='lat' dir='ltr'>predicto</span> <span class='ocrx_word' id='word_1_154' title='bbox 1879 1131 1983 1174; x_wconf 86' lang='lat' dir='ltr'>villa</span> 
     </span>
     <span class='ocr_line' id='line_1_21' title="bbox 189 1200 1984 1257; baseline -0.001 -10"><span class='ocrx_word' id='word_1_155' title='bbox 189 1204 329 1247; x_wconf 89' lang='lat' dir='ltr'>sancti</span> <span class='ocrx_word' id='word_1_156' title='bbox 353 1204 531 1255; x_wconf 81' lang='lat' dir='ltr'>Mathei⁷</span> <span class='ocrx_word' id='word_1_157' title='bbox 564 1203 734 1245; x_wconf 91' lang='lat' dir='ltr'>ordinis</span> <span class='ocrx_word' id='word_1_158' title='bbox 757 1200 1035 1253; x_wconf 79' lang='lat' dir='ltr'>Muntesie‘2)‚</span> <span class='ocrx_word' id='word_1_159' title='bbox 1060 1214 1147 1255; x_wconf 90' lang='lat' dir='ltr'>que</span> <span class='ocrx_word' id='word_1_160' title='bbox 1179 1203 1247 1242; x_wconf 83' lang='lat' dir='ltr'>est</span> <span class='ocrx_word' id='word_1_161' title='bbox 1271 1202 1457 1243; x_wconf 87' lang='lat' dir='ltr'>ecclesie</span> <span class='ocrx_word' id='word_1_162' title='bbox 1492 1203 1535 1243; x_wconf 87' lang='lat' dir='ltr'>et</span> <span class='ocrx_word' id='word_1_163' title='bbox 1558 1202 1605 1244; x_wconf 90' lang='lat' dir='ltr'>in</span> <span class='ocrx_word' id='word_1_164' title='bbox 1629 1215 1718 1256; x_wconf 83' lang='lat' dir='ltr'>qua</span> <span class='ocrx_word' id='word_1_165' title='bbox 1749 1216 1830 1257; x_wconf 89' lang='lat' dir='ltr'>pro</span> <span class='ocrx_word' id='word_1_166' title='bbox 1864 1216 1984 1245; x_wconf 90' lang='lat' dir='ltr'>nunc</span> 
     </span>
    </p>

    <p class='ocr_par' dir='ltr' id='par_1_9' title="bbox 119 1272 1985 1604">
     <span class='ocr_line' id='line_1_22' title="bbox 119 1272 1985 1329; baseline -0.001 -11"><span class='ocrx_word' id='word_1_167' title='bbox 119 1277 172 1318; x_wconf 87' lang='lat'>15</span> <span class='ocrx_word' id='word_1_168' title='bbox 189 1275 354 1318; x_wconf 88' lang='lat' dir='ltr'>residet</span> <span class='ocrx_word' id='word_1_169' title='bbox 384 1287 503 1329; x_wconf 89' lang='lat' dir='ltr'>papa</span> <span class='ocrx_word' id='word_1_170' title='bbox 536 1288 636 1317; x_wconf 89' lang='lat' dir='ltr'>cum</span> <span class='ocrx_word' id='word_1_171' title='bbox 669 1287 749 1315; x_wconf 92' lang='lat' dir='ltr'>sua</span> <span class='ocrx_word' id='word_1_172' title='bbox 781 1273 917 1315; x_wconf 84' lang='lat' dir='ltr'>curia.</span> <span class='ocrx_word' id='word_1_173' title='bbox 953 1274 1066 1315; x_wconf 84' lang='lat' dir='ltr'>Item</span> <span class='ocrx_word' id='word_1_174' title='bbox 1097 1272 1290 1325; x_wconf 75' lang='lat' dir='ltr'>obsides,</span> <span class='ocrx_word' id='word_1_175' title='bbox 1324 1274 1431 1315; x_wconf 91' lang='lat' dir='ltr'>item</span> <span class='ocrx_word' id='word_1_176' title='bbox 1461 1272 1749 1316; x_wconf 83' lang='lat' dir='ltr'>fideiussores</span> <span class='ocrx_word' id='word_1_177' title='bbox 1782 1275 1830 1316; x_wconf 90' lang='lat' dir='ltr'>in</span> <span class='ocrx_word' id='word_1_178' title='bbox 1863 1277 1985 1317; x_wconf 90' lang='lat' dir='ltr'>certa</span> 
     </span>
     <span class='ocr_line' id='line_1_23' title="bbox 189 1345 1982 1400; baseline 0 -11"><span class='ocrx_word' id='word_1_179' title='bbox 189 1361 376 1400; x_wconf 90' lang='lat' dir='ltr'>summa,</span> <span class='ocrx_word' id='word_1_180' title='bbox 423 1347 528 1388; x_wconf 89' lang='lat' dir='ltr'>item</span> <span class='ocrx_word' id='word_1_181' title='bbox 580 1359 734 1397; x_wconf 80' lang='lat' dir='ltr'>unum,</span> <span class='ocrx_word' id='word_1_182' title='bbox 785 1346 872 1388; x_wconf 93' lang='lat' dir='ltr'>duo</span> <span class='ocrx_word' id='word_1_183' title='bbox 918 1345 989 1387; x_wconf 83' lang='lat' dir='ltr'>vel</span> <span class='ocrx_word' id='word_1_184' title='bbox 1036 1345 1123 1387; x_wconf 90' lang='lat' dir='ltr'>tria</span> <span class='ocrx_word' id='word_1_185' title='bbox 1171 1346 1317 1386; x_wconf 87' lang='lat' dir='ltr'>castra</span> <span class='ocrx_word' id='word_1_186' title='bbox 1363 1359 1504 1399; x_wconf 86' lang='lat' dir='ltr'>prope</span> <span class='ocrx_word' id='word_1_187' title='bbox 1543 1346 1707 1388; x_wconf 88' lang='lat' dir='ltr'>dictam</span> <span class='ocrx_word' id='word_1_188' title='bbox 1740 1346 1894 1388; x_wconf 87' lang='lat' dir='ltr'>villam</span> <span class='ocrx_word' id='word_1_189' title='bbox 1927 1347 1982 1389; x_wconf 90' lang='lat' dir='ltr'>ad</span> 
     </span>
     <span class='ocr_line' id='line_1_24' title="bbox 190 1416 1984 1474; baseline -0.001 -13"><span class='ocrx_word' id='word_1_190' title='bbox 190 1419 402 1474; x_wconf 72' lang='lat' dir='ltr'>quinque,</span> <span class='ocrx_word' id='word_1_191' title='bbox 425 1420 523 1461; x_wconf 93' lang='lat' dir='ltr'>octo</span> <span class='ocrx_word' id='word_1_192' title='bbox 546 1418 616 1460; x_wconf 81' lang='lat' dir='ltr'>vel</span> <span class='ocrx_word' id='word_1_193' title='bbox 639 1431 797 1460; x_wconf 89' lang='lat' dir='ltr'>novem</span> <span class='ocrx_word' id='word_1_194' title='bbox 822 1416 1024 1458; x_wconf 87' lang='lat' dir='ltr'>miliaria.</span> <span class='ocrx_word' id='word_1_195' title='bbox 1060 1416 1117 1458; x_wconf 87' lang='lat' dir='ltr'>Et</span> <span class='ocrx_word' id='word_1_196' title='bbox 1141 1416 1197 1458; x_wconf 89' lang='lat' dir='ltr'>ad</span> <span class='ocrx_word' id='word_1_197' title='bbox 1220 1417 1304 1458; x_wconf 83' lang='lat' dir='ltr'>hoc</span> <span class='ocrx_word' id='word_1_198' title='bbox 1326 1419 1517 1470; x_wconf 87' lang='lat' dir='ltr'>possunt</span> <span class='ocrx_word' id='word_1_199' title='bbox 1541 1417 1764 1460; x_wconf 90' lang='lat' dir='ltr'>nominari</span> <span class='ocrx_word' id='word_1_200' title='bbox 1788 1420 1984 1460; x_wconf 86' lang='lat' dir='ltr'>castrum</span> 
     </span>
     <span class='ocr_line' id='line_1_25' title="bbox 190 1488 1984 1543; baseline -0.001 -10"><span class='ocrx_word' id='word_1_201' title='bbox 190 1491 244 1533; x_wconf 93' lang='lat' dir='ltr'>de</span> <span class='ocrx_word' id='word_1_202' title='bbox 278 1490 504 1541; x_wconf 75' lang='lat' dir='ltr'>Ceruaria,</span> <span class='ocrx_word' id='word_1_203' title='bbox 539 1490 740 1532; x_wconf 83' lang='lat' dir='ltr'>castrum.</span> <span class='ocrx_word' id='word_1_204' title='bbox 765 1489 819 1530; x_wconf 92' lang='lat' dir='ltr'>de</span> <span class='ocrx_word' id='word_1_205' title='bbox 845 1488 1083 1541; x_wconf 82' lang='lat' dir='ltr'>Piniscola‚</span> <span class='ocrx_word' id='word_1_206' title='bbox 1118 1489 1238 1542; x_wconf 87' lang='lat' dir='ltr'>quod</span> <span class='ocrx_word' id='word_1_207' title='bbox 1271 1490 1338 1530; x_wconf 90' lang='lat' dir='ltr'>est</span> <span class='ocrx_word' id='word_1_208' title='bbox 1369 1501 1510 1543; x_wconf 84' lang='lat' dir='ltr'>prope</span> <span class='ocrx_word' id='word_1_209' title='bbox 1544 1502 1677 1542; x_wconf 88' lang='lat' dir='ltr'>mare,</span> <span class='ocrx_word' id='word_1_210' title='bbox 1712 1490 1755 1531; x_wconf 87' lang='lat' dir='ltr'>et</span> <span class='ocrx_word' id='word_1_211' title='bbox 1788 1492 1984 1532; x_wconf 87' lang='lat' dir='ltr'>castrum</span> 
     </span>
     <span class='ocr_line' id='line_1_26' title="bbox 190 1562 442 1604; baseline -0.008 0"><span class='ocrx_word' id='word_1_212' title='bbox 190 1563 245 1604; x_wconf 93' lang='lat' dir='ltr'>de</span> <span class='ocrx_word' id='word_1_213' title='bbox 279 1562 442 1604; x_wconf 85' lang='lat' dir='ltr'>Siuert.</span> 
     </span>
    </p>

    <p class='ocr_par' dir='ltr' id='par_1_10' title="bbox 120 1631 1985 1973">
     <span class='ocr_line' id='line_1_27' title="bbox 120 1631 1985 1688; baseline 0 -12"><span class='ocrx_word' id='word_1_214' title='bbox 120 1635 175 1676; x_wconf 80' lang='lat'>20</span> <span class='ocrx_word' id='word_1_215' title='bbox 310 1633 467 1676; x_wconf 90' lang='lat' dir='ltr'>Tercio</span> <span class='ocrx_word' id='word_1_216' title='bbox 499 1634 648 1687; x_wconf 86' lang='lat' dir='ltr'>potest</span> <span class='ocrx_word' id='word_1_217' title='bbox 680 1631 827 1675; x_wconf 85' lang='lat' dir='ltr'>offerri</span> <span class='ocrx_word' id='word_1_218' title='bbox 870 1645 951 1686; x_wconf 92' lang='lat' dir='ltr'>pro</span> <span class='ocrx_word' id='word_1_219' title='bbox 985 1631 1290 1674; x_wconf 84' lang='lat' dir='ltr'>convencione</span> <span class='ocrx_word' id='word_1_220' title='bbox 1323 1632 1479 1674; x_wconf 83' lang='lat' dir='ltr'>civitas</span> <span class='ocrx_word' id='word_1_221' title='bbox 1511 1632 1823 1675; x_wconf 87' lang='lat' dir='ltr'>Maioricarum</span> <span class='ocrx_word' id='word_1_222' title='bbox 1841 1634 1892 1688; x_wconf 82' lang='lat'>3),</span> <span class='ocrx_word' id='word_1_223' title='bbox 1940 1634 1985 1676; x_wconf 90' lang='lat' dir='ltr'>in</span> 
     </span>
     <span class='ocr_line' id='line_1_28' title="bbox 192 1703 1985 1760; baseline -0.001 -13"><span class='ocrx_word' id='word_1_224' title='bbox 192 1720 281 1760; x_wconf 89' lang='lat' dir='ltr'>qua</span> <span class='ocrx_word' id='word_1_225' title='bbox 312 1704 594 1748; x_wconf 82' lang='lat' dir='ltr'>securissime</span> <span class='ocrx_word' id='word_1_226' title='bbox 617 1704 851 1756; x_wconf 87' lang='lat' dir='ltr'>potuerint</span> <span class='ocrx_word' id='word_1_227' title='bbox 874 1706 1007 1745; x_wconf 86' lang='lat' dir='ltr'>stare.</span> <span class='ocrx_word' id='word_1_228' title='bbox 1042 1703 1288 1745; x_wconf 89' lang='lat' dir='ltr'>Habebunt</span> <span class='ocrx_word' id='word_1_229' title='bbox 1320 1703 1404 1758; x_wconf 89' lang='lat' dir='ltr'>ipsi</span> <span class='ocrx_word' id='word_1_230' title='bbox 1439 1706 1484 1746; x_wconf 83' lang='lat' dir='ltr'>et</span> <span class='ocrx_word' id='word_1_231' title='bbox 1517 1704 1719 1747; x_wconf 79' lang='lat' dir='ltr'>officiarii</span> <span class='ocrx_word' id='word_1_232' title='bbox 1752 1705 1819 1746; x_wconf 89' lang='lat' dir='ltr'>sui</span> <span class='ocrx_word' id='word_1_233' title='bbox 1852 1705 1985 1747; x_wconf 74' lang='lat' dir='ltr'>iuris:</span> 
     </span>
     <span class='ocr_line' id='line_1_29' title="bbox 193 1775 1982 1829; baseline 0 -10"><span class='ocrx_word' id='word_1_234' title='bbox 193 1777 430 1820; x_wconf 89' lang='lat' dir='ltr'>dictionem</span> <span class='ocrx_word' id='word_1_235' title='bbox 478 1776 525 1818; x_wconf 92' lang='lat' dir='ltr'>in</span> <span class='ocrx_word' id='word_1_236' title='bbox 574 1776 680 1817; x_wconf 90' lang='lat' dir='ltr'>suis.</span> <span class='ocrx_word' id='word_1_237' title='bbox 746 1776 802 1817; x_wconf 87' lang='lat' dir='ltr'>Et</span> <span class='ocrx_word' id='word_1_238' title='bbox 850 1776 1121 1828; x_wconf 80' lang='lat' dir='ltr'>gubernator</span> <span class='ocrx_word' id='word_1_239' title='bbox 1168 1775 1317 1829; x_wconf 85' lang='lat' dir='ltr'>regius</span> <span class='ocrx_word' id='word_1_240' title='bbox 1366 1789 1416 1818; x_wconf 90' lang='lat' dir='ltr'>ac</span> <span class='ocrx_word' id='word_1_241' title='bbox 1465 1775 1581 1818; x_wconf 88' lang='lat' dir='ltr'>cives</span> <span class='ocrx_word' id='word_1_242' title='bbox 1614 1776 1904 1819; x_wconf 88' lang='lat' dir='ltr'>notabiliores</span> <span class='ocrx_word' id='word_1_243' title='bbox 1938 1779 1982 1819; x_wconf 89' lang='lat' dir='ltr'>et</span> 
     </span>
     <span class='ocr_line' id='line_1_30' title="bbox 191 1847 1983 1901; baseline 0.001 -11"><span class='ocrx_word' id='word_1_244' title='bbox 191 1849 381 1891; x_wconf 89' lang='lat' dir='ltr'>maiores</span> <span class='ocrx_word' id='word_1_245' title='bbox 415 1848 531 1889; x_wconf 91' lang='lat' dir='ltr'>dicte</span> <span class='ocrx_word' id='word_1_246' title='bbox 565 1847 756 1889; x_wconf 86' lang='lat' dir='ltr'>civitatis</span> <span class='ocrx_word' id='word_1_247' title='bbox 790 1860 976 1888; x_wconf 91' lang='lat' dir='ltr'>numero</span> <span class='ocrx_word' id='word_1_248' title='bbox 1010 1849 1188 1889; x_wconf 87' lang='lat' dir='ltr'>centum</span> <span class='ocrx_word' id='word_1_249' title='bbox 1223 1848 1552 1901; x_wconf 80' lang='lat' dir='ltr'>quinquaginta</span> <span class='ocrx_word' id='word_1_250' title='bbox 1585 1849 1654 1890; x_wconf 84' lang='lat' dir='ltr'>vel</span> <span class='ocrx_word' id='word_1_251' title='bbox 1687 1848 1869 1891; x_wconf 90' lang='lat' dir='ltr'>ducenti</span> <span class='ocrx_word' id='word_1_252' title='bbox 1903 1862 1983 1891; x_wconf 91' lang='lat' dir='ltr'>no-</span> 
     </span>
     <span class='ocr_line' id='line_1_31' title="bbox 190 1911 1984 1973; baseline 0 -11"><span class='ocrx_word' id='word_1_253' title='bbox 190 1920 309 1962; x_wconf 91' lang='lat' dir='ltr'>mine</span> <span class='ocrx_word' id='word_1_254' title='bbox 341 1918 525 1973; x_wconf 91' lang='lat' dir='ltr'>proprio</span> <span class='ocrx_word' id='word_1_255' title='bbox 559 1931 609 1960; x_wconf 87' lang='lat' dir='ltr'>ac</span> <span class='ocrx_word' id='word_1_256' title='bbox 641 1918 821 1960; x_wconf 89' lang='lat' dir='ltr'>nomine</span> <span class='ocrx_word' id='word_1_257' title='bbox 855 1918 1046 1960; x_wconf 88' lang='lat' dir='ltr'>civitatis</span> <span class='ocrx_word' id='word_1_258' title='bbox 1079 1911 1343 1973; x_wconf 86' lang='lat' dir='ltr'>promittent</span> <span class='ocrx_word' id='word_1_259' title='bbox 1377 1920 1522 1961; x_wconf 90' lang='lat' dir='ltr'>medio</span> <span class='ocrx_word' id='word_1_260' title='bbox 1555 1920 1804 1962; x_wconf 86' lang='lat' dir='ltr'>iuramento</span> <span class='ocrx_word' id='word_1_261' title='bbox 1838 1923 1984 1962; x_wconf 91' lang='lat' dir='ltr'>custo-</span> 
     </span>
    </p>

    <p class='ocr_par' dir='ltr' id='par_1_11' title="bbox 120 1989 1986 2319">
     <span class='ocr_line' id='line_1_32' title="bbox 120 1989 1984 2046; baseline 0.001 -13"><span class='ocrx_word' id='word_1_262' title='bbox 120 1991 174 2033; x_wconf 80' lang='lat'>25</span> <span class='ocrx_word' id='word_1_263' title='bbox 192 1990 285 2033; x_wconf 91' lang='lat' dir='ltr'>dire</span> <span class='ocrx_word' id='word_1_264' title='bbox 317 2004 394 2033; x_wconf 89' lang='lat' dir='ltr'>eos</span> <span class='ocrx_word' id='word_1_265' title='bbox 426 1992 470 2032; x_wconf 84' lang='lat' dir='ltr'>et</span> <span class='ocrx_word' id='word_1_266' title='bbox 502 2004 606 2033; x_wconf 92' lang='lat' dir='ltr'>suos</span> <span class='ocrx_word' id='word_1_267' title='bbox 638 1991 753 2032; x_wconf 88' lang='lat' dir='ltr'>bene</span> <span class='ocrx_word' id='word_1_268' title='bbox 787 1992 830 2032; x_wconf 91' lang='lat' dir='ltr'>et</span> <span class='ocrx_word' id='word_1_269' title='bbox 851 1989 1043 2032; x_wconf 88' lang='lat' dir='ltr'>fideliter</span> <span class='ocrx_word' id='word_1_270' title='bbox 1066 1992 1164 2042; x_wconf 60' lang='lat' dir='ltr'>etc„</span> <span class='ocrx_word' id='word_1_271' title='bbox 1184 1991 1234 2031; x_wconf 91' lang='lat' dir='ltr'>ut</span> <span class='ocrx_word' id='word_1_272' title='bbox 1272 1991 1411 2033; x_wconf 89' lang='lat' dir='ltr'>libere</span> <span class='ocrx_word' id='word_1_273' title='bbox 1443 1992 1620 2046; x_wconf 87' lang='lat' dir='ltr'>possint</span> <span class='ocrx_word' id='word_1_274' title='bbox 1653 1991 1820 2034; x_wconf 89' lang='lat' dir='ltr'>ibidem</span> <span class='ocrx_word' id='word_1_275' title='bbox 1853 1994 1984 2043; x_wconf 74' lang='lat' dir='ltr'>stare,</span> 
     </span>
     <span class='ocr_line' id='line_1_33' title="bbox 192 2061 1984 2118; baseline 0.001 -14"><span class='ocrx_word' id='word_1_276' title='bbox 192 2062 309 2104; x_wconf 86' lang='lat' dir='ltr'>exire</span> <span class='ocrx_word' id='word_1_277' title='bbox 342 2064 386 2104; x_wconf 85' lang='lat' dir='ltr'>et</span> <span class='ocrx_word' id='word_1_278' title='bbox 419 2061 578 2113; x_wconf 71' lang='lat' dir='ltr'>redire⁷</span> <span class='ocrx_word' id='word_1_279' title='bbox 612 2075 662 2104; x_wconf 90' lang='lat' dir='ltr'>ac</span> <span class='ocrx_word' id='word_1_280' title='bbox 695 2062 916 2111; x_wconf 65' lang='lat' dir='ltr'>recedere,</span> <span class='ocrx_word' id='word_1_281' title='bbox 957 2062 1318 2116; x_wconf 89' lang='lat' dir='ltr'>quandocunque</span> <span class='ocrx_word' id='word_1_282' title='bbox 1352 2063 1588 2104; x_wconf 88' lang='lat' dir='ltr'>voluerint.</span> <span class='ocrx_word' id='word_1_283' title='bbox 1652 2063 1707 2105; x_wconf 90' lang='lat' dir='ltr'>Et</span> <span class='ocrx_word' id='word_1_284' title='bbox 1741 2077 1874 2118; x_wconf 89' lang='lat' dir='ltr'>super</span> <span class='ocrx_word' id='word_1_285' title='bbox 1908 2064 1984 2106; x_wconf 92' lang='lat' dir='ltr'>ho-</span> 
     </span>
     <span class='ocr_line' id='line_1_34' title="bbox 192 2133 1985 2189; baseline 0.001 -14"><span class='ocrx_word' id='word_1_286' title='bbox 192 2133 340 2189; x_wconf 90' lang='lat' dir='ltr'>spiciis</span> <span class='ocrx_word' id='word_1_287' title='bbox 373 2135 416 2176; x_wconf 86' lang='lat' dir='ltr'>et</span> <span class='ocrx_word' id='word_1_288' title='bbox 449 2133 729 2176; x_wconf 85' lang='lat' dir='ltr'>libertatibus</span> <span class='ocrx_word' id='word_1_289' title='bbox 763 2136 806 2175; x_wconf 87' lang='lat' dir='ltr'>et</span> <span class='ocrx_word' id='word_1_290' title='bbox 840 2133 938 2175; x_wconf 89' lang='lat' dir='ltr'>aliis</span> <span class='ocrx_word' id='word_1_291' title='bbox 973 2134 1158 2175; x_wconf 84' lang='lat' dir='ltr'>stabunt</span> <span class='ocrx_word' id='word_1_292' title='bbox 1181 2134 1458 2176; x_wconf 84' lang='lat' dir='ltr'>ordinacioni</span> <span class='ocrx_word' id='word_1_293' title='bbox 1482 2135 1673 2177; x_wconf 88' lang='lat' dir='ltr'>duarum</span> <span class='ocrx_word' id='word_1_294' title='bbox 1702 2135 1771 2178; x_wconf 91' lang='lat' dir='ltr'>vel</span> <span class='ocrx_word' id='word_1_295' title='bbox 1794 2137 1985 2189; x_wconf 89' lang='lat' dir='ltr'>quatuor</span> 
     </span>
     <span class='ocr_line' id='line_1_35' title="bbox 190 2193 1986 2259; baseline 0.002 -13"><span class='ocrx_word' id='word_1_296' title='bbox 190 2218 487 2259; x_wconf 88' lang='lat' dir='ltr'>personarum</span> <span class='ocrx_word' id='word_1_297' title='bbox 533 2218 615 2258; x_wconf 89' lang='lat' dir='ltr'>pro</span> <span class='ocrx_word' id='word_1_298' title='bbox 663 2206 853 2258; x_wconf 90' lang='lat' dir='ltr'>utraque</span> <span class='ocrx_word' id='word_1_299' title='bbox 903 2206 1030 2259; x_wconf 89' lang='lat' dir='ltr'>parte</span> <span class='ocrx_word' id='word_1_300' title='bbox 1081 2205 1401 2258; x_wconf 83' lang='lat' dir='ltr'>eligendarum.</span> <span class='ocrx_word' id='word_1_301' title='bbox 1467 2193 1582 2247; x_wconf 27' lang='lat' dir='ltr'>Item*</span> <span class='ocrx_word' id='word_1_302' title='bbox 1623 2219 1763 2248; x_wconf 89' lang='lat' dir='ltr'>unum</span> <span class='ocrx_word' id='word_1_303' title='bbox 1794 2207 1864 2249; x_wconf 88' lang='lat' dir='ltr'>vel</span> <span class='ocrx_word' id='word_1_304' title='bbox 1898 2208 1986 2249; x_wconf 92' lang='lat' dir='ltr'>duo</span> 
     </span>
     <span class='ocr_line' id='line_1_36' title="bbox 191 2277 453 2319; baseline -0.004 -1"><span class='ocrx_word' id='word_1_305' title='bbox 191 2277 338 2319; x_wconf 90' lang='lat' dir='ltr'>castra</span> <span class='ocrx_word' id='word_1_306' title='bbox 370 2278 453 2318; x_wconf 92' lang='lat' dir='ltr'>etc.</span> 
     </span>
    </p>

    <p class='ocr_par' dir='ltr' id='par_1_12' title="bbox 122 2347 1986 2474">
     <span class='ocr_line' id='line_1_37' title="bbox 122 2347 1986 2402; baseline 0.001 -12"><span class='ocrx_word' id='word_1_307' title='bbox 122 2349 178 2390; x_wconf 89' lang='lat'>30</span> <span class='ocrx_word' id='word_1_308' title='bbox 310 2348 493 2400; x_wconf 78' lang='lat' dir='ltr'>Quarto,</span> <span class='ocrx_word' id='word_1_309' title='bbox 528 2349 686 2390; x_wconf 87' lang='lat' dir='ltr'>eodem</span> <span class='ocrx_word' id='word_1_310' title='bbox 711 2348 842 2390; x_wconf 90' lang='lat' dir='ltr'>modo</span> <span class='ocrx_word' id='word_1_311' title='bbox 873 2350 1021 2402; x_wconf 90' lang='lat' dir='ltr'>potest</span> <span class='ocrx_word' id='word_1_312' title='bbox 1052 2347 1201 2390; x_wconf 83' lang='lat' dir='ltr'>offerri</span> <span class='ocrx_word' id='word_1_313' title='bbox 1235 2348 1389 2390; x_wconf 87' lang='lat' dir='ltr'>civitas</span> <span class='ocrx_word' id='word_1_314' title='bbox 1422 2348 1814 2391; x_wconf 84' lang='lat' dir='ltr'>Barchinonensis.</span> <span class='ocrx_word' id='word_1_315' title='bbox 1872 2350 1986 2392; x_wconf 90' lang='lat' dir='ltr'>Item</span> 
     </span>
     <span class='ocr_line' id='line_1_38' title="bbox 193 2420 915 2474; baseline 0.003 -13"><span class='ocrx_word' id='word_1_316' title='bbox 193 2433 329 2462; x_wconf 91' lang='lat' dir='ltr'>unum</span> <span class='ocrx_word' id='word_1_317' title='bbox 362 2420 431 2462; x_wconf 90' lang='lat' dir='ltr'>vel</span> <span class='ocrx_word' id='word_1_318' title='bbox 464 2420 552 2462; x_wconf 91' lang='lat' dir='ltr'>duo</span> <span class='ocrx_word' id='word_1_319' title='bbox 585 2423 732 2463; x_wconf 87' lang='lat' dir='ltr'>castra</span> <span class='ocrx_word' id='word_1_320' title='bbox 764 2433 915 2474; x_wconf 86' lang='lat' dir='ltr'>prope.</span> 
     </span>
    </p>

    <p class='ocr_par' dir='ltr' id='par_1_13' title="bbox 192 2490 1986 2690">
     <span class='ocr_line' id='line_1_39' title="bbox 310 2490 1985 2546; baseline 0 -14"><span class='ocrx_word' id='word_1_321' title='bbox 310 2490 489 2544; x_wconf 72' lang='lat' dir='ltr'>Quinto,</span> <span class='ocrx_word' id='word_1_322' title='bbox 523 2492 678 2534; x_wconf 92' lang='lat' dir='ltr'>eodem</span> <span class='ocrx_word' id='word_1_323' title='bbox 727 2492 858 2533; x_wconf 90' lang='lat' dir='ltr'>modo</span> <span class='ocrx_word' id='word_1_324' title='bbox 901 2492 1050 2546; x_wconf 82' lang='lat' dir='ltr'>potest</span> <span class='ocrx_word' id='word_1_325' title='bbox 1082 2491 1231 2532; x_wconf 84' lang='lat' dir='ltr'>offerri</span> <span class='ocrx_word' id='word_1_326' title='bbox 1266 2491 1422 2533; x_wconf 88' lang='lat' dir='ltr'>civitas</span> <span class='ocrx_word' id='word_1_327' title='bbox 1456 2491 1702 2535; x_wconf 85' lang='lat' dir='ltr'>Valentina.</span> <span class='ocrx_word' id='word_1_328' title='bbox 1767 2492 1862 2543; x_wconf 86' lang='lat' dir='ltr'>Que</span> <span class='ocrx_word' id='word_1_329' title='bbox 1896 2494 1985 2535; x_wconf 81' lang='lat' dir='ltr'>tres</span> 
     </span>
     <span class='ocr_line' id='line_1_40' title="bbox 192 2562 1986 2618; baseline 0.001 -14"><span class='ocrx_word' id='word_1_330' title='bbox 192 2562 393 2604; x_wconf 79' lang='lat' dir='ltr'>civitates</span> <span class='ocrx_word' id='word_1_331' title='bbox 427 2565 533 2604; x_wconf 89' lang='lat' dir='ltr'>sunt</span> <span class='ocrx_word' id='word_1_332' title='bbox 565 2563 680 2617; x_wconf 86' lang='lat' dir='ltr'>regis</span> <span class='ocrx_word' id='word_1_333' title='bbox 713 2562 949 2616; x_wconf 78' lang='lat' dir='ltr'>Aragonie,</span> <span class='ocrx_word' id='word_1_334' title='bbox 999 2564 1046 2604; x_wconf 92' lang='lat' dir='ltr'>in</span> <span class='ocrx_word' id='word_1_335' title='bbox 1095 2563 1258 2617; x_wconf 91' lang='lat' dir='ltr'>quibus</span> <span class='ocrx_word' id='word_1_336' title='bbox 1308 2565 1353 2605; x_wconf 87' lang='lat' dir='ltr'>et</span> <span class='ocrx_word' id='word_1_337' title='bbox 1400 2564 1601 2617; x_wconf 88' lang='lat' dir='ltr'>qualibet</span> <span class='ocrx_word' id='word_1_338' title='bbox 1647 2578 1802 2606; x_wconf 89' lang='lat' dir='ltr'>earum</span> <span class='ocrx_word' id='word_1_339' title='bbox 1833 2566 1986 2618; x_wconf 89' lang='lat' dir='ltr'>potest</span> 
     </span>
     <span class='ocr_line' id='line_1_41' title="bbox 193 2633 1985 2690; baseline 0.002 -15"><span class='ocrx_word' id='word_1_340' title='bbox 193 2633 289 2675; x_wconf 86' lang='lat' dir='ltr'>dari</span> <span class='ocrx_word' id='word_1_341' title='bbox 321 2633 583 2689; x_wconf 88' lang='lat' dir='ltr'>plenissima</span> <span class='ocrx_word' id='word_1_342' title='bbox 615 2635 849 2676; x_wconf 85' lang='lat' dir='ltr'>securitas.</span> <span class='ocrx_word' id='word_1_343' title='bbox 914 2634 969 2676; x_wconf 88' lang='lat' dir='ltr'>Et</span> <span class='ocrx_word' id='word_1_344' title='bbox 1015 2634 1126 2676; x_wconf 86' lang='lat' dir='ltr'>fient</span> <span class='ocrx_word' id='word_1_345' title='bbox 1160 2634 1314 2677; x_wconf 87' lang='lat' dir='ltr'>omnia</span> <span class='ocrx_word' id='word_1_346' title='bbox 1348 2635 1401 2676; x_wconf 92' lang='lat' dir='ltr'>de</span> <span class='ocrx_word' id='word_1_347' title='bbox 1434 2635 1668 2677; x_wconf 86' lang='lat' dir='ltr'>voluntate·</span> <span class='ocrx_word' id='word_1_348' title='bbox 1699 2637 1743 2677; x_wconf 82' lang='lat' dir='ltr'>et</span> <span class='ocrx_word' id='word_1_349' title='bbox 1775 2649 1985 2690; x_wconf 85' lang='lat' dir='ltr'>expresso</span> 
     </span>
    </p>

    <p class='ocr_par' dir='ltr' id='par_1_14' title="bbox 122 2705 1987 2760">
     <span class='ocr_line' id='line_1_42' title="bbox 122 2705 1987 2760; baseline 0.001 -13"><span class='ocrx_word' id='word_1_350' title='bbox 122 2705 176 2747; x_wconf 88' lang='lat'>35</span> <span class='ocrx_word' id='word_1_351' title='bbox 193 2718 413 2748; x_wconf 87' lang='lat' dir='ltr'>consensu</span> <span class='ocrx_word' id='word_1_352' title='bbox 461 2706 589 2760; x_wconf 84' lang='lat' dir='ltr'>regis,</span> <span class='ocrx_word' id='word_1_353' title='bbox 637 2705 676 2747; x_wconf 92' lang='lat' dir='ltr'>si</span> <span class='ocrx_word' id='word_1_354' title='bbox 722 2708 829 2748; x_wconf 90' lang='lat' dir='ltr'>tunc</span> <span class='ocrx_word' id='word_1_355' title='bbox 878 2705 976 2758; x_wconf 82' lang='lat' dir='ltr'>erit,</span> <span class='ocrx_word' id='word_1_356' title='bbox 1024 2706 1095 2747; x_wconf 87' lang='lat' dir='ltr'>vel</span> <span class='ocrx_word' id='word_1_357' title='bbox 1134 2719 1236 2759; x_wconf 84' lang='lat' dir='ltr'>rege</span> <span class='ocrx_word' id='word_1_358' title='bbox 1276 2719 1366 2748; x_wconf 89' lang='lat' dir='ltr'>non</span> <span class='ocrx_word' id='word_1_359' title='bbox 1399 2706 1616 2749; x_wconf 85' lang='lat' dir='ltr'>existente</span> <span class='ocrx_word' id='word_1_360' title='bbox 1649 2720 1751 2749; x_wconf 91' lang='lat' dir='ltr'>cum</span> <span class='ocrx_word' id='word_1_361' title='bbox 1782 2706 1911 2750; x_wconf 85' lang='lat' dir='ltr'>firma</span> <span class='ocrx_word' id='word_1_362' title='bbox 1943 2709 1987 2749; x_wconf 85' lang='lat' dir='ltr'>et</span> 
     </span>
    </p>

    <p class='ocr_par' dir='ltr' id='par_1_15' title="bbox 150 2777 1954 2838">
     <span class='ocr_line' id='line_1_43' title="bbox 150 2777 1954 2838; baseline 0.001 -20"><span class='ocrx_word' id='word_1_363' title='bbox 150 2832 153 2838; x_wconf 75' lang='lat'>.</span> <span class='ocrx_word' id='word_1_364' title='bbox 192 2788 414 2818; x_wconf 90' lang='lat' dir='ltr'>consensu</span> <span class='ocrx_word' id='word_1_365' title='bbox 447 2777 796 2830; x_wconf 84' lang='lat' dir='ltr'>gubernatorum</span> <span class='ocrx_word' id='word_1_366' title='bbox 830 2790 1081 2831; x_wconf 82' lang='lat' dir='ltr'>regnorum.</span> <span class='ocrx_word' id='word_1_367' title='bbox 1147 2778 1262 2819; x_wconf 85' lang='lat' dir='ltr'>Item</span> <span class='ocrx_word' id='word_1_368' title='bbox 1293 2790 1434 2819; x_wconf 91' lang='lat' dir='ltr'>unum</span> <span class='ocrx_word' id='word_1_369' title='bbox 1470 2778 1539 2820; x_wconf 88' lang='lat' dir='ltr'>vel</span> <span class='ocrx_word' id='word_1_370' title='bbox 1573 2779 1661 2820; x_wconf 91' lang='lat' dir='ltr'>duo</span> <span class='ocrx_word' id='word_1_371' title='bbox 1694 2781 1840 2821; x_wconf 90' lang='lat' dir='ltr'>castra</span> <span class='ocrx_word' id='word_1_372' title='bbox 1872 2780 1954 2820; x_wconf 89' lang='lat' dir='ltr'>etc.</span> 
     </span>
    </p>
   </div>
   <div class='ocr_carea' id='block_1_7' title="bbox 193 2893 1985 3062">
    <p class='ocr_par' dir='ltr' id='par_1_16' title="bbox 193 2893 1985 3062">
     <span class='ocr_line' id='line_1_44' title="bbox 313 2893 929 2941; baseline 0 -12"><span class='ocrx_word' id='word_1_373' title='bbox 313 2895 342 2939; x_wconf 82' lang='lat'>¹)</span> <span class='ocrx_word' id='word_1_374' title='bbox 368 2894 471 2929; x_wconf 68' lang='lat' dir='ltr'>Aucll</span> <span class='ocrx_word' id='word_1_375' title='bbox 498 2893 617 2941; x_wconf 73' lang='lat' dir='ltr'>Siyes,</span> <span class='ocrx_word' id='word_1_376' title='bbox 634 2895 769 2941; x_wconf 69' lang='lat' dir='ltr'>srz‘ilzer</span> <span class='ocrx_word' id='word_1_377' title='bbox 797 2894 929 2935; x_wconf 67' lang='lat' dir='ltr'>Subur.</span> 
     </span>
     <span class='ocr_line' id='line_1_45' title="bbox 314 2954 1985 3002; baseline 0.001 -14"><span class='ocrx_word' id='word_1_378' title='bbox 314 2954 343 2999; x_wconf 59' lang='grc' dir='ltr'>Ξ)</span> <span class='ocrx_word' id='word_1_379' title='bbox 371 2954 451 2989; x_wconf 82' lang='lat' dir='ltr'>Der</span> <span class='ocrx_word' id='word_1_380' title='bbox 477 2954 664 3001; x_wconf 66' lang='lat' dir='ltr'>spani-selae</span> <span class='ocrx_word' id='word_1_381' title='bbox 696 2954 815 2989; x_wconf 83' lang='lat' dir='ltr'>Orden</span> <span class='ocrx_word' id='word_1_382' title='bbox 845 2967 913 2989; x_wconf 84' lang='lat' dir='ltr'>von</span> <span class='ocrx_word' id='word_1_383' title='bbox 941 2955 1120 2999; x_wconf 61' lang='lat' dir='ltr'>Montesa,</span> <span class='ocrx_word' id='word_1_384' title='bbox 1158 2955 1312 2991; x_wconf 78' lang='lat' dir='ltr'>benannt</span> <span class='ocrx_word' id='word_1_385' title='bbox 1341 2957 1434 2990; x_wconf 66' lang='lat' dir='ltr'>nacla</span> <span class='ocrx_word' id='word_1_386' title='bbox 1465 2956 1529 2991; x_wconf 84' lang='lat' dir='ltr'>der</span> <span class='ocrx_word' id='word_1_387' title='bbox 1566 2955 1722 3002; x_wconf 74' lang='lat' dir='ltr'>Festuny</span> <span class='ocrx_word' id='word_1_388' title='bbox 1756 2955 1919 2990; x_wconf 79' lang='lat' dir='ltr'>Montesa</span> <span class='ocrx_word' id='word_1_389' title='bbox 1951 2956 1985 2989; x_wconf 80' lang='lat' dir='ltr'>in</span> 
     </span>
     <span class='ocr_line' id='line_1_46' title="bbox 193 3012 1626 3062; baseline 0.001 -14"><span class='ocrx_word' id='word_1_390' title='bbox 193 3013 258 3048; x_wconf 81' lang='lat' dir='ltr'>der</span> <span class='ocrx_word' id='word_1_391' title='bbox 283 3012 440 3048; x_wconf 76' lang='lat' dir='ltr'>Provinz</span> <span class='ocrx_word' id='word_1_392' title='bbox 464 3013 644 3057; x_wconf 81' lang='lat' dir='ltr'>Alicante,</span> <span class='ocrx_word' id='word_1_393' title='bbox 669 3014 790 3049; x_wconf 50' lang='lat' dir='ltr'>&#39;warde</span> <span class='ocrx_word' id='word_1_394' title='bbox 815 3026 885 3049; x_wconf 79' lang='lat' dir='ltr'>von</span> <span class='ocrx_word' id='word_1_395' title='bbox 909 3014 1025 3049; x_wconf 82' lang='lat' dir='ltr'>Jakob</span> <span class='ocrx_word' id='word_1_396' title='bbox 1052 3014 1100 3050; x_wconf 88' lang='lat' dir='ltr'>II.</span> <span class='ocrx_word' id='word_1_397' title='bbox 1126 3027 1196 3050; x_wconf 85' lang='lat' dir='ltr'>von</span> <span class='ocrx_word' id='word_1_398' title='bbox 1223 3014 1431 3062; x_wconf 76' lang='lat' dir='ltr'>Arayonien</span> <span class='ocrx_word' id='word_1_399' title='bbox 1455 3015 1626 3062; x_wconf 64' lang='lat' dir='ltr'>yestfftet.</span> 
     </span>
    </p>
   </div>
   <div class='ocr_carea' id='block_1_8' title="bbox 120 3073 1126 3121">
    <p class='ocr_par' dir='ltr' id='par_1_17' title="bbox 120 3073 1126 3121">
     <span class='ocr_line' id='line_1_47' title="bbox 120 3073 1126 3121; baseline 0.002 -14"><span class='ocrx_word' id='word_1_400' title='bbox 120 3074 180 3117; x_wconf 73' lang='lat'>40</span> <span class='ocrx_word' id='word_1_401' title='bbox 316 3073 346 3120; x_wconf 81' lang='lat'>⁸)</span> <span class='ocrx_word' id='word_1_402' title='bbox 376 3073 476 3108; x_wconf 67' lang='lat' dir='ltr'>Jetzt</span> <span class='ocrx_word' id='word_1_403' title='bbox 498 3073 623 3108; x_wconf 86' lang='lat' dir='ltr'>Palma</span> <span class='ocrx_word' id='word_1_404' title='bbox 648 3074 716 3121; x_wconf 85' lang='lat' dir='ltr'>auf</span> <span class='ocrx_word' id='word_1_405' title='bbox 736 3073 800 3108; x_wconf 82' lang='lat' dir='ltr'>der</span> <span class='ocrx_word' id='word_1_406' title='bbox 826 3073 926 3109; x_wconf 82' lang='lat' dir='ltr'>Insel</span> <span class='ocrx_word' id='word_1_407' title='bbox 947 3074 1126 3121; x_wconf 78' lang='lat' dir='ltr'>Majorca.</span> 
     </span>
    </p>
   </div>
  </div>
 </body>
</html>
