2216 3432
112 204 129 206 -
406 182 447 218 B.
478 183 543 218 Die
569 182 631 217 der
655 182 797 218 Pariser
822 183 1040 219 Universitiit
1063 185 1291 230 vorgelegten
1316 185 1575 232 Reformplane.
1616 188 1717 223 1411.
1756 188 1817 223 Nr.
1844 189 1899 225 32.
1966 179 2047 222 135

266 290 595 334 ecclesiasticus
627 290 1002 345 archiepiscopus,
1036 290 1273 346 episcopus
1316 291 1361 334 in
1392 292 1539 347 primo
1571 293 1757 336 concilio
1789 295 2049 349 provinciali

265 364 344 406 aut
377 362 579 417 synodali
611 363 781 404 statuat
819 361 1014 404 inhiberi
1059 363 1162 404 suisv
1191 362 1476 406 inferioribus
1517 364 1600 406 sub
1641 378 1759 418 pena
1802 379 2050 408 excommu-

265 433 519 487 nicasionis,
553 447 608 476 ne.
641 433 697 476 ad
729 433 883 475 domos
916 446 1070 475 eorum
1092 435 1337 476 transirent
1369 448 1450 489 pro
1474 435 1728 477 huiusmodi
1761 437 2047 478 sacramentis

268 504 578 560 suscipiendis.
644 504 730 546 Hic
763 503 976 546 articulus
1008 518 1089 559 per
1121 505 1353 547 ecclesiam
1385 506 1583 558 Francie,
1617 520 1764 560 regem
1797 508 1840 548 et
1872 508 2051 549 univer-

222 576 441 620 5sitatem
475 575 522 618 in
553 574 750 630 generali
791 575 977 617 concilio
1014 577 1238 630 petendus
1277 578 1321 618 et
1359 578 1710 631 prosequendus.
1773 578 1828 619 Et
1867 578 2045 620 fundari

262 649 409 702 potest
442 660 529 701 quo
563 647 618 689 ad
650 647 839 701 primam
872 645 968 688 eius
1001 647 1197 700 partem,
1236 647 1340 701 quia
1372 660 1452 701 per
1490 649 1573 690 hoc
1606 648 1771 690 retrahi
1804 650 2047 702 potuerunt

261 718 316 760 ab
349 717 607 761 huiusmodi
649 717 1059 761 administracione.
1133 717 1231 768 Quo
1274 718 1330 760 ad
1371 721 1610 762 secundam
1650 721 1826 774 partem
1872 721 2047 762 fundari

259 791 432 843 potest,
474 789 580 844 quia
626 790 730 831 talia
778 788 993 831 facientes
1032 789 1122 831 sint
1170 790 1537 832 excommunicati
1585 793 1630 833 et
1670 791 1962 845 irregulareS,
2011 791 2049 833 si

259 862 417 915 postea
461 861 688 903 celebrent
730 862 773 903 et
811 861 874 903 sic
915 859 1096 902 vitandi.
1166 860 1221 902 Et
1259 873 1339 914 per
1379 874 1656 916 consequens
1697 861 1814 904 iuste
1854 862 2047 904 inhiberi

191 935 244 976 10
259 933 406 986 potest
440 932 647 984 subditis,
680 945 736 974 ne
758 944 839 986 pro
874 931 1036 974 talibus
1059 931 1357 986 suscipiendis
1382 934 1437 975 ad
1460 933 1613 976 dom'os
1644 946 1795 987 eorum
1819 934 2047 975 accedant.

259 1003 445 1045 Videtur
494 1003 635 1046 eciam
681 1003 754 1044 hic
803 1003 1018 1045 articulus
1059 1016 1147 1057 quo
1190 1003 1246 1045 ad
1292 1003 1592 1057 provisionem
1641 1017 1771 1059 posse
1810 1004 2046 1059 practicari

260 1087 341 1129 per
373 1074 565 1118 concilia
597 1074 827 1128 synodalia
859 1074 937 1116 aut
968 1074 1272 1128 provincialia.

377 1145 420 1201 [ἓ
453 1147 499 1202 9]
563 1147 674 1188 Item
716 1145 823 1200 quia
870 1146 1074 1188 nonnulli
1114 1159 1268 1188 eorum
1306 1145 1551 1200 apostolice
1591 1146 1847 1189 monitionis
1887 1146 2041 1188 imme-

258 1230 404 1260 mores
437 1219 811 1260 testamentorum
846 1216 1190 1259 execucionibus
1224 1231 1271 1259 se
1303 1217 1538 1260 immiscent
1571 1232 1621 1260 ac
1653 1231 1840 1273 corpora
1872 1219 1918 1260 in
1950 1218 2043 1260 suis

190 1292 240 1333 15
258 1288 514 1331 dominibus
556 1288 812 1343 sepelienda
851 1289 1095 1342 procurant
1135 1302 1215 1343 per
1258 1302 1305 1330 se
1346 1289 1418 1330 vel
1466 1302 1544 1344 per
1588 1289 1719 1342 alios,
1767 1292 2043 1343 proponatur

258 1360 330 1402 hic
363 1359 629 1414 provisionis
673 1360 851 1411 modus,
892 1360 1212 1413 scilicet'quod
1248 1359 1437 1413 quilibet
1478 1361 1674 1414 prelatus
1715 1360 2044 1402 ecclesiasticus

259 1431 626 1486 archiepiscopus
659 1432 737 1473 aut
770 1431 1007 1486 episcopus
1039 1430 1085 1472 in
1116 1430 1259 1484 primo
1293 1431 1479 1473 concilio
1513 1431 1775 1485 provinciali
1810 1435 1888 1474 aut
1917 1446 2046 1486 syno-

259 1502 346 1544 dali
382 1504 548 1545 statuat
580 1502 773 1544 inhiberi
807 1503 979 1554 diebus,
1013 1501 1176 1556 quibus
1209 1515 1358 1555 supra,
1392 1502 1483 1544 suis
1515 1502 1801 1545 inferioribus
1825 1504 1908 1545 sub
1931 1517 2048 1557 pena

261 1573 753 1626 excommunicationis,
802 1587 857 1615 ne
898 1573 1006 1617 talia
1044 1573 1107 1615 eis
1146 1575 1388 1627 procurent
1427 1575 1503 1616 aut
1549 1573 1593 1614 in
1639 1575 1805 1616 talibus
1846 1575 2042 1616 favorem

187 1645 496 1698 QOprebeant,
541 1645 620 1687 sed
664 1644 892 1698 religiosos
931 1644 1036 1686 talia
1074 1643 1285 1686 facientes
1325 1645 1499 1699 prelato
1546 1644 1842 1698 denuncient,
1890 1646 2044 1686 contra

259 1729 371 1769 quos
404 1717 647 1769 procedere
688 1716 863 1768 habeat,
895 1717 943 1756 ut
976 1715 1084 1757 iuris
1118 1714 1214 1767 erit,
1252 1717 1482 1769 tamquam
1519 1718 1673 1757 contra
1707 1716 1903 1757 mandati
1938 1729 2044 1769 apo—

258 1787 401 1829 stolici
434 1789 797 1841 transgressores.
855 1787 939 1828 Hic
971 1786 1184 1828 articulus
1218 1787 1372 1828 eodem
1406 1787 1536 1828 modo
1567 1786 1746 1829 fundari
1775 1788 1922 1840 potest
1953 1801 2042 1840 quo

257 1858 314 1900 ad
346 1858 547 1900 ultimam
582 1859 677 1900 eius
711 1859 883 1912 partem
924 1859 972 1899 ut
1004 1858 1248 1911 precedens
1282 1859 1325 1899 et
1357 1857 1591 1911 practicari
1624 1860 1792 1911 potest,
1838 1858 1886 1899 ut
1920 1858 2040 1907 vide-

257 1928 391 1978 bitur,
424 1943 505 1983 per
536 1929 722 1971 concilia
755 1928 1044 1984 provincialia
1077 1931 1123 1971 et
1155 1928 1395 1982 synodalia.

185 2004 240 2046 25
378 1999 420 2055 [ξ
459 2001 535 2056 10]
595 2001 708 2043 Item
755 2001 875 2055 quod
917 2014 970 2042 ex
1008 2001 1135 2055 parte
1176 2000 1381 2053 ecclesie,
1421 1999 1721 2042 universitatis
1759 2000 1805 2041 in
1845 1999 2038 2053 generali

258 2072 444 2115 concilio
478 2072 663 2114 viriliter
684 2074 1031 2126 prosequantur,
1066 2073 1113 2113 ut
1146 2085 1236 2113 non
1261 2074 1351 2113 tam
1374 2072 1522 2126 ampla
1554 2071 1611 2113 sit
1634 2084 1786 2113 eorum
1811 2071 2039 2124 exempcio

255 2157 281 2186 a
312 2143 494 2197 prelatis
529 2144 767 2197 dyocesum
800 2144 844 2185 et
877 2143 1088 2195 locorum,
1123 2156 1208 2197 que
1241 2143 1310 2185 vel
1345 2156 1455 2196 quas
1488 2142 1690 2194 visitant,
1732 2141 1793 2183 sic
1826 2142 1946 2195 quod
1979 2141 2042 2183 eis

255 2216 464 2257 maneant
495 2214 674 2265 subditi,
709 2216 758 2256 ut
791 2214 846 2256 ab
880 2213 988 2268 ipsis
1012 2214 1183 2256 visitari
1217 2215 1260 2255 et
1292 2214 1448 2268 corrigi
1482 2213 1671 2255 valeant.
1720 2213 1803 2254 Hic
1828 2212 2042 2254 articulus

256 2299 337 2340 per
371 2299 533 2340 regem,
565 2285 796 2328 ecclesiam
822 2287 866 2327 et
887 2285 1227 2328 universitatem
1250 2284 1439 2327 viriliter
1472 2286 1538 2327 est.
1570 2285 1615 2326 in
1638 2284 1830 2337 generali
1855 2284 2041 2326 concilio

161 2360 241 2402 Δ30
262 2357 484 2411 petendus
517 2358 560 2398 et
590 2357 932 2412 prosequendus
966 2358 1011 2397 et
1043 2356 1220 2398 fundari
1252 2358 1400 2411 potest
1433 2370 1485 2398 ex
1507 2357 1603 2406 hoe,
1637 2356 1757 2409 quod
1789 2354 2044 2397 huiusmodi

0 2414 18 2484 ξ
260 2428 486 2482 exempcio
518 2428 694 2470 videtur
725 2427 951 2469 turbativa
988 2427 1201 2470 continuo
1243 2427 1386 2482 police
1429 2426 1723 2470 ecclesiastice
1770 2427 1816 2467 et
1855 2425 1901 2467 in
1939 2438 2043 2479 pre-

255 2498 468 2541 iudicium
510 2497 761 2541 animarum
802 2498 923 2541 omni
961 2498 1080 2540 statu
1117 2499 1210 2541 tam
1256 2512 1338 2540 suo
1371 2511 1505 2553 quam
1548 2497 1705 2539 alieno.
1778 2497 1888 2538 Item
1935 2496 2041 2550 quia

257 2582 339 2623 per
371 2569 456 2611 hoc
492 2569 664 2611 facilius
702 2569 977 2611 inclinantur
1014 2570 1058 2611 et
1095 2572 1392 2622 prosecuntur
1431 2582 1534 2611 suas
1568 2568 1818 2622 voluptates
1862 2569 1905 2609 et
1937 2580 2040 2609 suas

262 2640 561 2682 dilataverunt
598 2639 798 2682 fimbrias
845 2642 892 2699 et
927 2653 1031 2682 suas
1069 2640 1204 2682 falces
1254 2640 1471 2682 miserunt
1519 2639 1564 2680 in
1612 2652 1800 2680 messem
1841 2637 2040 2680 alienam.

193 2715 246 2757 35
264 2711 450 2753 Videtur
481 2710 600 2752 enim
631 2711 713 2753 hec
745 2710 970 2766 exempcio
1002 2711 1326 2753 iurisdictionis
1358 2710 1680 2753 ordinariorum
1714 2709 1926 2761 locorum,
1959 2722 2045 2762 que

264 2782 536 2834 inhabitant,
570 2795 785 2824 sensuum
817 2782 1122 2836 propriorum,
1160 2781 1236 2836 qui
1269 2782 1324 2824 ab
1357 2780 1663 2824 adolescencia
1694 2779 1821 2834 proni
1853 2781 1956 2821 sunt
1988 2779 2045 2820 ad

253 2853 432 2905 malum,
465 2852 713 2895 effrenacio.
1678 2854 1681 2862 '

373 2923 417 2979 [ξ
453 2924 527 2980 11]
590 2924 703 2966 Item
736 2924 856 2977 quod
886 2923 931 2965 in
963 2923 1137 2978 prefato
1166 2922 1355 2965 concilio
1383 2936 1436 2964 ex
1457 2923 1585 2975 parte
1608 2920 1911 2963 universitatis
1936 2933 2038 2974 pro-

253 2995 463 3049 ponatur,
497 2998 547 3037 ut
579 2995 710 3036 modo
743 2994 986 3036 deliberato
1019 2995 1312 3036 concludatur
1344 2991 1613 3046 ingenerali
1646 2990 1829 3033 concilio
1861 2989 2041 3032 nomine

0 3089 7 3182 k
181 3066 396 3126 4insius
435 3065 621 3112 ecclesie
654 3064 842 3109 Francie
871 3066 1239 3124 prosequendum
1273 3077 1384 3119 esse,
1431 3063 1482 3110 ut
1515 3062 1647 3108 iudex
1678 3062 1895 3106 habeatur
1929 3060 2042 3103 citra
