2216 3432
277 167 360 208 252
590 173 652 209 ΙΙΙ.
678 172 875 208 Abschnitt.
924 169 1197 215 Vei-geschichte
1222 169 1283 202 des
1308 168 1531 203 Konstanzer
1554 167 1712 203 Konzils.

391 282 609 323 Johannes
642 281 722 320 etc.
767 279 927 320 dilecto
959 276 1048 318 filio
1080 274 1361 330 Francisc01)
1393 275 1647 317 sanctorum
1679 274 1838 316 Cosme
1869 275 1914 316 et
1945 275 2032 318 Da-

276 352 407 394 miani
447 352 630 393 diacono
673 348 897 398 cardinali,
940 345 1177 399 apostolice
1209 345 1325 386 sedis
1358 344 1519 387 nuncio
1551 345 1741 386 salutem
1774 345 1856 386 etc.
1920 345 2033 388 Cum

276 425 318 464 te
352 423 406 464 ad
438 420 710 462 carissimum
750 420 795 460 in
837 417 1010 459 Christo
1048 416 1189 457 filium
1230 417 1427 457 nostrum
1468 414 1802 468 Sigismundum
1843 415 2033 458 electum

275 493 570 534 Romanorum
614 504 663 532 ac
706 489 894 541 Ungarie
940 501 1082 540 regem
1123 487 1342 528 illustrem
1382 488 1424 527 et
1458 485 1695 527 nonnullas
1728 485 2033 540 Longobardie

278 565 323 604 et
353 562 544 603 Marchie
579 559 810 602 Taruisine
842 560 988 613 partes
1012 570 1091 610 pro
1115 555 1313 597 maximis
1336 557 1381 597 et
1403 555 1552 598 arduis
1576 556 1739 597 nostris
1762 556 2033 610 ecclesieque
2049 557 2074 599 5

278 634 475 675 Romane
508 631 694 684 negociis
726 629 1058 683 presencialiter
1087 627 1340 679 dirigamus,
1375 639 1454 668 nos
1478 626 1688 675 volentes,
1713 639 1768 667 ne
1792 627 1848 669 ob
1871 640 2035 681 expen-

278 716 423 745 sarum
443 702 675 743 deffectum
695 735 702 742 .
726 732 734 741 .
755 732 762 740 .
784 700 1010 753 negocium
1032 698 1243 739 retardari
1264 697 1418 751 possit,
1443 697 1614 747 diebus,
1633 697 1795 750 quibus
1816 729 1824 738 .
1845 729 1853 738 .
1874 729 1883 738 .
1903 700 1946 740 te
1964 729 1973 739 .
1995 732 2003 740 .
2025 729 2034 740 .

278 772 435 814 morari
469 772 741 824 contingerit,
766 805 772 812 .
799 803 808 811 .
834 802 842 811 .
866 770 1017 823 viginti
1042 771 1232 810 florenos
1262 769 1355 809 auri
1382 769 1435 809 de
1458 781 1633 810 camera
1657 802 1664 810 .
1691 799 1700 808 .
1726 799 1734 808 .
1759 768 1969 811 levandos
1992 770 2036 811 et

278 843 551 896 recipiendos
583 855 607 882 a
640 841 964 883 venerabilibus
1008 840 1215 881 fratribus
1250 839 1412 879 nostris
1445 838 1793 892 archiepiscopis
1825 839 2036 881 Januensi

278 916 319 954 et
350 912 663 953 Mediolanensi
694 925 865 953 necnon
894 910 1112 964 episcopis
1137 942 1145 950 .
1170 942 1177 950 .
1199 942 1206 950 .
1232 923 1312 962 per
1337 941 1344 950 .
1366 941 1374 949 .
1396 941 1404 949 .
1429 910 1678 963 provincias
1702 910 1971 952 Januensem
1993 912 2036 952 et
2054 909 2108 952 10

278 983 643 1024 Mediolanensem
683 982 934 1023 constitutis
978 1014 986 1021 .
1022 1013 1030 1022 .
1066 1015 1073 1022 .
1114 983 1266 1021 tenore
1307 980 1585 1033 presencium
1619 980 1896 1033 assignamus
1937 1014 1945 1023 .
1981 1013 1990 1022 .
2025 1012 2035 1022 .

279 1055 372 1095 Dat.
406 1052 602 1094 Bononie
636 1053 702 1094 vl.
735 1053 942 1094 kalendas
975 1052 1137 1106 Aprilis
1170 1051 1452 1104 pontificatus
1487 1051 1625 1092 nostri
1659 1063 1775 1093 anno
1808 1053 1976 1106 quarto.

279 1205 351 1247 52.
395 1204 587 1259 Senduny
611 1205 864 1259 pd'pstlz'cleer
895 1204 1128 1245 (has-‹mdten
1161 1207 1202 1244 m
1236 1203 1758 1259 Ii'on2e‘lsztnyeleqenlceiten
1790 1204 1893 1245 nach
1923 1202 2038 1260 Eny-

788 1276 898 1315 laml.
964 1274 1151 1329 Iiologma
1188 1274 1295 1313 1414
1331 1274 1456 1329 April
1491 1274 1525 1317 I.

351 1379 421 1412 zius
451 1380 579 1425 Ii'eylnl.
605 1381 675 1413 316
689 1381 758 1425 sul.
785 1381 827 1414 64
855 1381 914 1412 dm
950 1380 1057 1413 l'aesk.
1089 1380 1250 1413 ,lt-vhirs.
2056 1379 2109 1421 15

395 1487 616 1528 Johannes
651 1519 659 1527 .
685 1520 693 1528 .
719 1519 727 1528 .
761 1487 1113 1541 archiepiscopis,
1148 1488 1367 1541 episcopis
1402 1519 1409 1528 .
1436 1519 1444 1528 .
1470 1519 1479 1528 .
1512 1500 1594 1541 per
1626 1486 1783 1540 Anglie
1817 1489 1859 1528 et
1891 1489 2039 1530 cetera

281 1569 411 1609 regna
452 1559 598 1610 partes
637 1560 678 1598 et
719 1559 811 1599 loca
853 1559 1110 1612 temporalia
1152 1558 1344 1599 dominio
1396 1558 1612 1600 carissimi
1658 1558 1701 1599 in
1741 1558 1917 1599 Christo
1960 1557 2039 1600 filii

280 1627 414 1668 nostri
456 1628 634 1669 chrici
682 1629 795 1680 regis
834 1629 990 1682 Anglie
1039 1629 1224 1670 illustris
1264 1629 1493 1682 supposita
1536 1631 1578 1670 ct
1619 1628 1722 1670 alibi
1771 1628 2039 1683 ubicumque

399 1804 422 1846 ¹)
446 1802 559 1837 [felm-
577 1803 631 1836 ihu
652 1804 717 1848 ryl.
736 1804 790 1837 dia
816 1805 1053 1837 ln'ssermtsun
1075 1817 1137 1837 ron
1159 1804 1286 1840 Knccr,
1306 1803 1510 1838 I-‘ram-«sco
1529 1804 1737 1846 Zalmrella,
1758 1804 1917 1839 Alliitestcr
1937 1804 2038 1839 1891.

282 1861 340 1893 rim
370 1860 422 1894 18.
448 1861 522 1894 Juli
548 1862 637 1895 1410
669 1868 833 1896 cruntmtc
867 1863 922 1896 {Im
954 1864 1089 1895 Jahmm
1121 1863 1252 1896 XXIII.
1287 1875 1362 1896 :am
1394 1863 1543 1908 Biselws
1574 1876 1638 1897 von
1670 1862 1834 1897 Florem.
1886 1863 1939 1897 ΕΙ·
1965 1875 2039 1897 war
2053 1863 2110 1904 20

278 1919 408 1952 damah·
442 1922 526 1953 noch
560 1922 654 1955 nicht
686 1922 844 1955 l’rimtvr
883 1922 951 1955 und
980 1923 1026 1955 ist
1058 1937 1093 1953 ω·
1127 1923 1214 1955 nitela
1250 1923 1341 1955 wohl
1376 1922 1471 1955 m‘clcl
1506 1922 1706 1967 ycworden.
1757 1922 1938 1956 Johannes
1973 1926 2038 1960 etc.

280 1979 403 2012 dilecto
436 1980 505 2013 tilio
534 1981 716 2014 Francisco
749 1982 856 2015 electo
885 1982 1085 2015 Florentino
1119 1982 1264 2015 salutem
1298 1988 1363 2017 etr.
1414 1982 1587 2026 Suscepta
1612 1982 1723 2015 nostri
1751 1982 1930 2026 regiminis
1958 2010 1966 2018 .
1994 2010 2002 2018 .
2030 2007 2038 2015 .

280 2037 368 2070 Saue
400 2039 545 2072 ecclesia
580 2040 782 2073 Florentina
813 2041 921 2074 eidem
959 2042 1110 2074 Romane
1142 2041 1285 2074 ecclesie
1320 2041 1517 2074 immediate
1550 2041 1708 2075 subiecta
1739 2051 1781 2074 ex
1813 2051 1853 2074 eo
1887 2041 2038 2085 pastoris

280 2097 406 2129 solacio
433 2097 612 2139 destituta,
649 2100 740 2142 quod
767 2110 830 2133 nos
859 2100 959 2133 hodie
987 2101 1217 2133 venerabilem
1252 2100 1391 2133 fratrem
1426 2103 1585 2133 nostrum
1612 2099 1783 2133 Jacobum
1810 2099 2037 2144 Spoletanum

282 2154 508 2202 [episcopum]
529 2160 609 2190 tunc
630 2158 866 2192 Florentinum
887 2160 979 2203 apud
1006 2160 1122 2193 sedem
1150 2159 1380 2203 apostolicum
1409 2160 1637 2192 constitutum
1666 2169 1686 2192 a
1704 2158 1854 2199 vinculo,
1881 2168 1950 2202 quo
1969 2159 2038 2203 ipsi
2053 2159 2108 2201 25

280 2214 421 2247 ecclesie
460 2215 670 2258 Florentino,
708 2219 761 2251 cui
795 2222 877 2251 tunc
910 2222 1058 2262 preerat,
1098 2219 1294 2259 tenebatur,
1333 2218 1374 2252 dc
1407 2218 1555 2253 fratrum
1587 2220 1787 2251 nostrorum
1825 2217 1972 2251 consilio
2005 2219 2040 2251 et

281 2273 470 2316 apostolice
508 2277 690 2318 potestatis
728 2277 947 2320 plenitudine
987 2278 1208 2311 absolventes
1247 2278 1362 2322 ipsum
1402 2277 1445 2311 ad
1478 2277 1659 2311 ecclesiam
1692 2276 1919 2321 Spoletanam
1955 2279 2040 2310 tunc

283 2335 457 2365 vacantem
486 2333 646 2367 duximus
673 2363 680 2370 .
708 2363 715 2371 .
743 2363 750 2370 .
777 2336 1069 2377 transferemlum,
1097 2363 1103 2370 .
1131 2365 1139 2373 .
1167 2365 1175 2373 .
1202 2348 1265 2370 nos
1292 2337 1334 2370 ad
1363 2337 1598 2381 provisionem
1624 2335 1779 2369 eiusdem
1798 2335 1943 2369 ecclesie
1961 2335 2040 2369 Flo·

281 2390 415 2424 rentine
441 2391 581 2425 celerem
609 2398 641 2426 et
666 2394 810 2435 felicem,
846 2406 888 2428 ne
915 2396 1049 2439 prolixe
1075 2397 1266 2430 vacationis
1293 2399 1528 2440 exponeretur
1552 2394 1793 2436 incommodis,
1820 2420 1827 2428 .
1856 2422 1864 2430 .
1892 2422 1899 2430 .
1926 2394 2039 2428 inten-

281 2448 401 2482 dentes
428 2454 506 2493 post
531 2451 831 2494 deliberacionem,
866 2465 968 2498 quam
1002 2455 1044 2488 de
1070 2454 1281 2499 preficiendo
1314 2455 1424 2488 eidem
1452 2454 1597 2488 ecclesie
1624 2453 1826 2488 Florentiae
1852 2463 2038 2497 personam
2053 2453 2110 2496 30

280 2507 398 2540 utilem
426 2511 458 2541 et
476 2510 581 2543 eciam
609 2510 819 2545 fructuosam
846 2524 922 2546 cum
950 2513 1117 2547 fratribus
1144 2515 1274 2547 nostris
1302 2514 1489 2547 habuimus
1515 2513 1732 2558 diligentem,
1759 2511 1801 2546 de
1818 2522 1913 2546 nunc
1930 2512 1973 2546 ad
1992 2514 2039 2554 te,

281 2566 616 2611 archipresbyterum
649 2570 790 2604 ecclesie
817 2571 993 2612 Paduane,
1026 2574 1209 2617 utriusque
1242 2573 1328 2607 iuris
1354 2572 1542 2613 doctorem,
1574 2572 1611 2606 in
1636 2571 1831 2606 minoribus
1857 2571 2040 2605 dumtaxat

282 2625 461 2658 ordinibus
481 2627 719 2669 constitutum,
746 2630 800 2662 cui
819 2630 861 2663 de
879 2631 948 2664 vite
968 2632 1153 2672 mundicia,
1181 2632 1362 2665 honestate
1388 2641 1532 2672 morum,
1558 2629 1797 2675 spiritualium
1814 2629 2040 2674 providencia

281 2686 314 2716 et
331 2685 572 2727 temporalium
599 2687 908 2732 circumspectione
926 2689 1075 2734 aliisque
1095 2690 1340 2735 multiplicium
1359 2691 1527 2724 virtutum
1546 2689 1648 2724 donis
1666 2688 1761 2734 apud
1779 2698 1843 2722 nos
1861 2687 2039 2733 fidedigna

280 2742 480 2776 testimonia
511 2745 748 2788 perhibentur,
781 2747 943 2782 duximus
977 2749 1096 2782 oculos
1123 2753 1243 2783 nostre
1270 2750 1396 2783 mentis
1423 2775 1430 2783 .
1457 2775 1466 2784 .
1493 2777 1502 2785 .
1528 2748 1638 2783 eidem
1665 2747 1810 2782 ecclesie
1836 2747 2038 2781 Florentiae
2052 2747 2107 2790 35

281 2799 322 2833 de
348 2801 516 2836 dictorum
548 2803 691 2838 fratrum
724 2806 870 2840 consilio
898 2808 1111 2848 ‚auctoritate
1138 2808 1294 2852 predicte
1320 2808 1543 2853 providemus
1568 2810 1673 2852 teque
1697 2806 1752 2841 illi
1776 2805 1975 2851 preficimus
1999 2805 2038 2840 in

282 2860 481 2904 episcopum
500 2864 533 2895 et
552 2866 725 2905 pastorem
753 2890 760 2897 .
781 2890 788 2897 .
808 2890 816 2898 .
844 2865 921 2900 Dat.
948 2866 1107 2900 Bononie
1133 2867 1255 2911 quinto
1281 2867 1414 2901 decimo
1441 2866 1611 2901 kalendas
1631 2866 1784 2911 Augusti
1801 2874 1895 2899 anno
1912 2865 2038 2910 primo.

280 2917 355 2950 Aue
382 2917 544 2953 Lateran.
589 2920 751 2966 Reyister
774 2922 932 2957 lolianus
958 2923 1093 2958 XXIII.
1120 2925 1184 2959 Bel.
1204 2924 1225 2959 7
1239 2925 1310 2970 sol.
1335 2924 1432 2960 256v
1448 2937 1476 2960 e.
1517 2924 1586 2959 Am
1609 2923 1730 2959 selben
1751 2923 1847 2969 Taye
1870 2927 2042 2969 qestattet

280 2975 347 3009 illm
370 2976 519 3021 ιΙοΙιαηη,
551 2979 597 3012 da
621 2980 675 3014 die
700 2980 890 3027 Einkilnfte
916 2983 1030 3017 seines
1057 2983 1232 3018 Bistlmms
1270 2989 1463 3018 momentan
1487 2984 1571 3018 aeln-
1593 2983 1721 3029 9ert'n9
1746 2994 1763 3018 ε
1793 2982 1855 3026 ἐπ,
1887 2981 1972 3017 dass
1997 2991 2038 3016 er
2175 2995 2179 2998 ·

282 3033 349 3070 alle
375 3035 468 3070 seine
495 3036 694 3086 Beneficien
716 3039 753 3074 in
769 3040 835 3074 den
853 3040 1034 3077 Diecesen
1057 3040 1182 3078 Padua
1197 3042 1270 3079 und
1283 3041 1439 3079 Florem
1464 3041 1683 3079 beibehalten
1800 3038 1929 3076 am25.
1947 3038 2110 3090 Sep-40
2158 3042 2175 3091 λ’
