2216 3432
262 0 475 34 '.''³‘I³vi§r·1.³··.⁷7
498 0 538 10 r*

372 161 418 198 A.
454 161 600 198 Johann
615 161 754 199 XXIII.
779 163 853 197 und
879 163 935 198 die
953 165 1258 212 Vorbereituugen
1284 180 1361 203 zum
1379 170 1521 205 Konzil.
1564 172 1623 206 Nr.
1649 173 1705 215 50,
1731 174 1786 211 51.
1882 164 1961 207 251

202 283 290 326 que
329 269 454 322 iuris,
496 269 540 311 et
580 268 896 313 Bai—tholomeo
939 273 992 314 de
1032 272 1224 330 Lante1)
1268 276 1321 317 de
1364 276 1477 319 Pisis
1519 279 1757 331 apostolice
1797 293 1966 323 camere

203 341 378 395 clerico,
397 341 680 384 decretorum
704 341 969 394 doctoribus,
1004 345 1176 386 nunciis
1201 347 1244 387 et
1265 348 1576 390 commissariis
1599 350 1760 392 nostris
1783 351 1965 393 salutem

202 413 286 456 etc.
350 413 415 455 De
446 411 607 455 vestris
642 412 890 455 litterarum
923 414 1112 457 sciencia
1146 448 1154 457 .
1180 449 1188 457 .
1214 451 1221 459 .
1257 417 1367 460 Cum
1400 418 1680 462 intendamus
1709 422 1814 463 totis
1838 422 1966 463 affec-

201 483 324 527 tibus
363 518 372 527 .
409 516 418 525 .
453 516 462 525 .
503 483 621 526 circa
662 482 738 526 illa
781 483 1010 538 diligenter
1047 485 1290 538 intendere,
1333 501 1412 542 per
1452 502 1537 543 que
1576 490 1756 532 effectus
1788 504 1967 545 congre-

162 558 186 600 5
202 555 398 610 gacionis
421 556 465 597 et
482 555 885 597 consummacionis
909 556 1143 599 laudabilis
1166 560 1210 599 et
1228 560 1372 601 votive
1395 560 1579 614 proximi
1602 561 1734 602 futuri
1755 563 1967 614 generalis

203 626 379 669 concilii
402 627 449 668 in
472 625 649 668 civitate
675 626 1027 672 Constanciensi.
1057 629 1281 683 provincie
1306 631 1569 684 Maguntine‚
1594 633 1770 674 auctore
1796 632 1967 674 domino

203 697 459 741 celebrandi
490 698 638 740 valeat
660 697 1115 752 feliciterprovenire,
1149 700 1409 743 discrecioni
1432 704 1577 744 vestre
1606 716 1704 744 cum
1729 704 1968 745 venerabili

202 770 338 813 fratre
382 770 536 812 nostro
580 770 791 823 episcopo
837 771 882 811 et
915 770 1087 812 dilectis
1120 771 1220 813 filiis
1255 772 1449 826 capitulo
1481 787 1651 815 necnon
1686 774 1969 816 universitate

202 855 283 884 seu
316 840 664 895 magistratibus,
698 840 877 882 sindicis
911 855 989 883 seu
1018 843 1378 895 procuratoribus
1406 843 1596 886 civitatis
1620 845 1969 886 Constanciensis

135 915 213 957 10.
249 945 257 954 .
292 945 302 954 .
337 913 391 955 de
424 914 466 955 et
498 925 634 967 super
666 913 982 954 convocatione
1026 915 1069 955 et
1101 914 1195 955 eius
1229 915 1532 957 celebracione
1575 928 1747 956 necnon
1779 916 1969 957 adventu

202 985 354 1027 nostro
393 985 437 1026 et
473 983 795 1026 venerabilium
843 984 1031 1026 fratrum
1071 986 1322 1028 nostrorum
1360 988 1509 1027 sancte
1548 987 1746 1028 Romane
1789 986 1969 1027 ecclesie

203 1055 496 1098 cardinalium
545 1057 587 1097 et
629 1056 891 1098 dilectorum
931 1055 1123 1098 filiorum
1165 1057 1490 1099 curtisanorum
1530 1070 1579 1099 ac
1617 1058 1816 1099 Romane
1855 1057 1970 1098 curie

203 1118 491 1182 sequencium
526 1129 569 1169 et
600 1126 789 1169 aliorum
824 1159 831 1168 .
859 1160 866 1168 .
893 1160 901 1168 .
935 1128 1213 1169 veniencium
1247 1142 1295 1170 ac
1328 1141 1462 1182 super
1494 1128 1734 1170 residencia
1757 1129 1803 1169 et
1826 1127 1971 1169 reditu

203 1201 295 1242 tam
334 1202 488 1242 nostro
532 1213 666 1253 quam
705 1199 997 1241 cardinalium
1040 1201 1084 1241 et
1123 1200 1245 1241 curie
1285 1201 1327 1241 et
1367 1200 1554 1241 aliorum
1592 1199 1887 1252 predictorum
1921 1211 1970 1239 ac

136 1272 187 1315 15
203 1271 456 1322 securitate,
489 1270 710 1322 libertate,
756 1271 923 1313 honore
957 1273 1000 1312 et
1033 1272 1162 1322 stain,
1195 1270 1509 1321 iurisdictione,
1543 1270 1776 1311 securitate
1810 1268 1971 1311 nostris

203 1356 254 1384 ac
285 1342 544 1384 reverencia
586 1355 636 1384 ac
667 1341 882 1384 fidelitate
925 1344 968 1384 et
1001 1342 1239 1384 devocione
1282 1355 1383 1396 erga
1426 1355 1659 1395 personam
1698 1341 1890 1381 nostram
1921 1352 1971 1380 ac

204 1413 345 1456 eciam
392 1414 599 1455 libertate
648 1413 851 1456 tenendis
900 1415 944 1455 et
987 1413 1274 1455 observandis
1315 1445 1323 1454 .
1360 1445 1368 1454 .
1403 1444 1411 1453 .
1451 1425 1622 1453 necnon
1664 1412 1717 1453 de
1759 1411 1801 1452 et
1839 1423 1972 1462 super

204 1485 583 1539 exempcionibus‚
624 1484 996 1536 immunitatibus,
1037 1484 1355 1536 mansionibus,
1395 1483 1671 1533 utensilibus,
1711 1481 1971 1523 victualibus

205 1557 248 1599 et
286 1570 440 1599 eorum
485 1556 647 1610 preciis
692 1557 873 1610 agendis
914 1590 921 1598 .
959 1588 966 1596 .
1003 1588 1011 1596 .
1051 1557 1204 1597 nostro
1253 1557 1295 1596 et
1335 1556 1505 1609 prefate
1544 1554 1743 1595 Romane
1791 1551 1971 1593 ecclesie

134 1631 191 1672 20
205 1629 384 1671 nomine
418 1629 653 1681 tractandi,
686 1627 892 1670 firmandi
923 1628 965 1669 et
988 1626 1279 1669 concludendi
1313 1658 1321 1667 .
1347 1660 1355 1668 .
1382 1658 1389 1667 .
1423 1625 1572 1667 federa
1603 1627 1647 1666 et
1680 1622 1902 1676 capitula.
1927 1655 1935 1663 .
1961 1652 1970 1662 .

205 1701 251 1742 et
288 1699 493 1742 similiter
533 1713 631 1742 cum
674 1699 882 1742 omnibus
923 1701 966 1740 et
1007 1697 1191 1752 singulis
1234 1697 1329 1739 aliis
1363 1695 1564 1739 dominiis
1597 1693 1896 1749 spiritualibus
1929 1694 1971 1732 et

203 1771 538 1825 temporalibus,
584 1771 951 1813 universitatibus
985 1772 1029 1812 et
1061 1768 1355 1823 singularibus
1388 1768 1740 1821 quibuscumque
1772 1762 1970 1817 personis

204 1856 286 1897 pro
318 1843 364 1885 et
395 1843 511 1885 circa
543 1856 785 1895 accessum,
819 1841 1109 1884 residenciam
1142 1843 1184 1882 et
1215 1853 1437 1881 recessum
1460 1839 1635 1879 nostros
1668 1868 1676 1877 .
1711 1868 1719 1876 .
1755 1868 1762 1876 .
1797 1834 1971 1876 conclu-

206 1915 340 1957 dendi
374 1950 382 1957 .
409 1949 452 1958 ..
486 1915 770 1970 presencium
804 1913 1086 1956 concedimus
1119 1912 1372 1954 facultatem
1515 1909 1610 1960 Dat.
1643 1906 1838 1949 Bononie
1861 1903 1969 1945 XIII.

135 1988 190 2031 25
203 1986 418 2029 kalendas
450 1985 619 2040 Aprilis
652 1985 936 2041 pontificatus
970 1984 1109 2026 nostri
1143 1996 1258 2025 anno
1291 1980 1509 2036 quarto.'2)

205 2141 276 2186 51.
309 2140 490 2182 'Johcmn
516 2138 696 2181 XXIII.
728 2139 913 2195 yewdhrt
943 2139 1032 2179 dem
1064 2137 1275 2178 Kardinal
1305 2134 1446 2175 Franz
1478 2132 1711 2181 Zabarella,
1745 2130 1820 2170 den
1850 2142 1894 2168 et·
1924 2141 1973 2166 su

213 2210 561 2268 Verbandlunqen
599 2214 676 2253 ‘mit
710 2210 851 2266 Ko'niq
895 2209 1140 2266 Siyismuml
1177 2207 1387 2257 entsendeig
1430 2207 1596 2261 {semisse
1634 2199 1855 2253 Einlcibnfte
1899 2213 1973 2237 aus

245 2284 324 2326 den
354 2283 755 2340 Kirehenprovinzen
787 2281 934 2325 Genua
964 2281 1052 2322 und
1081 2280 1286 2321 Μαίίαηά.
1350 2277 1536 2332 Bolofsna
1570 2272 1680 2314 1414
1715 2272 1831 2313 Mc’irz
1861 2267 1931 2310 27.

276 2378 354 2413 Aus
380 2378 515 2424 Reybd.
541 2377 613 2412 346
628 2378 700 2423 fol.
726 2376 797 2411 109
809 2388 842 2411 v.
868 2376 930 2411 des
963 2375 1075 2410 Vatc'k.
1102 2373 1267 2408 Arellius.

137 2537 195 2579 30
305 2534 331 2577 ¹)
369 2532 479 2567 Bezde
525 2532 770 2578 vielyenannte
813 2530 980 2573 Kuriale,
1024 2526 1318 2563 walzrsclminltch
1355 2526 1417 2559 (lar
1456 2525 1529 2558 eine
1558 2522 1696 2556 Bruder
1736 2519 1795 2552 (las
1833 2517 1975 2562 spiitern

206 2592 376 2637 Bischofs
391 2590 513 2626 Franz
525 2603 595 2626 von
611 2591 897 2637 Montepalciano
923 2590 994 2624 und
1008 2589 1072 2623 cler
1087 2588 1216 2622 andere
1232 2587 1292 2621 (les
1311 2580 1744 2620 Konsistorialaclvokaten
1761 2575 1974 2622 Auyustiuus

206 2651 248 2686 de
266 2650 391 2685 Lante.
426 2650 535 2685 Beide
561 2662 684 2685 waren
707 2651 869 2697 zuylet'clz
895 2649 1125 2694 Kollektoren
1141 2648 1208 2693 fiir
1236 2643 1487 2680 Deutschland.

329 2710 357 2748 2)
389 2710 469 2745 Das
506 2709 911 2745 Notariatsinstrament
947 2709 1003 2743 bei
1035 2708 1189 2741 Bzovius
1227 2705 1345 2750 (irre’y)
1381 2715 1458 2737 zum
1487 2701 1597 2735 Jahre
1632 2697 1723 2732 1413
1760 2695 1823 2729 ΝΤ.
1850 2690 1974 2727 9—17·

213 2769 287 2816 Vyl.
313 2769 471 2804 dar-iiber
497 2769 586 2804 oben
618 2768 657 2803 S.
684 2768 755 2803 180
757 2769 792 2815 f
819 2769 892 2803 und
914 2768 1015 2802 Anm.
1042 2767 1075 2801 1.
1127 2766 1205 2801 Der
1236 2764 1340 2799 (laria
1372 2763 1424 2796 als
1456 2761 1576 2805 Zeuye
1606 2760 1776 2804 ycnanutc
1811 2753 1976 2817 magister

138 2832 194 2876 35
207 2829 418 2864 Franciscus
439 2829 481 2863 de
499 2829 716 2873 Pizolpassis
735 2828 778 2862 de
797 2828 960 2863 Bononia
978 2827 1171 2873 apostolice
1189 2834 1322 2860 camere
1340 2822 1484 2857 clericus
1503 2818 1593 2853 wird
1607 2828 1675 2850 von
1690 2815 1828 2853 Jolaeann
1843 2809 1973 2845 XMJJ.

202 2900 265 2923 ‚am
288 2887 347 2925 20,
375 2886 584 2934 September
609 2886 703 2922 1414
729 2887 821 2922 nach
846 2886 1030 2921 Konstanz
1054 2882 1378 2930 vorausyesclziekt.
1432 2878 1565 2923 Reybcl.
1591 2875 1661 2909 346
1676 2874 1744 2920 fol.
1769 2870 1849 2905 208.
1903 2868 1974 2935 Vpl.

209 2948 301 2983 auch
324 2947 389 2982 das
409 2946 608 2982 Sckreiben
626 2958 672 2980 an
694 2946 762 2981 den
778 2946 933 2992 Biselzof
944 2957 1013 2980 von
1031 2945 1215 2979 Lausanne
1239 2954 1315 2977 vom
1330 2939 1387 2974 22.
1404 2938 1489 2973 Jum'
1506 2935 1596 2971 1414
1620 2933 1742 2979 („Cum
1761 2934 1794 2965 te
1811 2930 1852 2964 ad
1872 2938 1974 2962 caris-

213 3006 393 3052 simum“),
423 3017 537 3053 wgrm
568 3005 731 3041 derselbc
761 3017 808 3040 zu
839 3005 1131 3050 Verlmndlunyen
1160 3003 1197 3037 in
1221 3001 1402 3036 Konstanz
1431 2997 1493 3032 mit
1520 2995 1586 3029 (len
1617 2993 1738 3027 beiden
1775 2989 1975 3025 Genamzten

214 3056 422 3114 beduftrayt
443 3065 544 3100 wird.
593 3064 729 3113 Reybd.
754 3063 826 3100 346
840 3065 912 3113 fol.
937 3063 1018 3101 134.
