2216 3432
1877 0 2216 155 Ἦ

377 280 477 314 fratri
502 282 624 313 nostro
651 279 843 313 carissimo.
895 277 974 312 Der
990 277 1135 323 Ansany
1162 278 1289 311 lautet:
1315 277 1487 311 Volumus
1513 276 1829 311 considerationem
1854 279 2006 312 vestram

377 348 449 373 non
474 339 593 379 latere,
630 337 804 382 quomodo
831 339 930 381 parte
956 336 1107 370 illustris
1133 334 1284 370 Amadei
1309 346 1394 371 new.
1445 334 1525 369 Das
1562 334 1714 380 Uebriye
1746 334 1873 369 stitnmt
1901 337 2007 370 wort-

379 397 447 431 Iiclc
471 397 534 430 mit
557 395 849 430 'unwesentliclzen
875 394 1158 439 Abweiclmnyen
1182 394 1244 428 mit
1268 393 1311 430 B.

239 167 322 208 372
562 174 628 211 111.
653 174 855 209 Abschnitt.
902 172 1177 218 Vox-geschichte
1201 171 1262 206 des
1286 172 1510 207 Konstanzer
1533 171 1695 208 Konzils.

365 491 674 545 sigismundus
731 491 812 532 etc.
865 489 1024 531 illustri
1076 488 1266 543 principi
1317 488 1481 530 Karolo
1533 487 1635 530 duci
1683 487 2007 542 Aurelianensi,

238 562 566 615 consanguineo
605 563 757 603 nostro
801 559 1104 601 amantissimo
1144 561 1187 600 et
1226 558 1345 600 fideli
1378 558 1554 610 dilect0,
1586 558 1774 601 salutem
1806 560 1851 601 et
1881 558 2048 613 pros-5

238 646 369 688 peros
419 632 578 685 iugiter
624 632 680 673 ad
718 632 818 672 vota
862 642 1105 671 successus.
1179 629 1368 670 Illustris
1407 629 1637 684 princeps,
1679 629 2007 683 consanguinee

241 705 392 744 noster
424 702 741 744 amantissime.
806 699 1117 752 Magnitudinis
1150 701 1294 740 vestre
1328 699 1498 741 litteras
1530 699 1585 740 de
1617 699 1822 741 manibus
1845 699 2007 743 nobilis

242 772 442 826 Hugonis
466 773 518 814 de
541 771 741 826 Alti1·1·i¹>
771 770 932 821 militis,
966 769 1102 811 vestri
1136 769 1375 811 consiliarii
1410 771 1452 810 et
1484 770 1746 812 cambellani
1778 769 2007 824 nostrique

239 842 382 884 fidelis
415 842 577 894 dilecti,
617 840 877 895 sospitatem
920 852 1175 892 corpoream
1218 840 1555 895 votivorumque
1587 852 1874 882 successuum
1905 853 2007 894 pro-

242 913 502 966 speritatem
535 911 805 953 serenissimi
838 910 1052 964 principis
1085 909 1232 951 Karoli
1267 909 1414 951 fratris
1446 909 1586 952 nostri
1619 910 1835 952 carissimi
1867 910 2006 953 incliti
2026 910 2080 952 10

238 982 352 1036 regis
381 982 648 1023 Francorum
681 981 903 1034 vestrique
937 994 1016 1021 nec
1050 993 1138 1021 non
1171 983 1418 1022 ceterorum
1451 979 1702 1034 principum
1726 981 1779 1022 de
1800 980 2008 1035 prosapia

244 1052 380 1106 regali
441 1052 866 1105 consanguineorum
929 1052 1181 1093 nostrorum
1245 1050 1633 1092 dilectissimorum
1694 1050 2007 1105 assiduamque

239 1122 580 1164 sollicitudinem
625 1121 786 1175 negotii
827 1121 1050 1175 utrimque
1092 1120 1258 1175 peracti
1301 1121 1560 1175 litterasque
1603 1122 1821 1176 nostras⁸)
1862 1122 2007 1175 prefa-

237 1194 327 1234 tam
368 1191 530 1246 regiam
570 1191 846 1233 maiestatem
888 1193 932 1233 et
972 1191 1195 1245 predictos
1233 1190 1457 1245 principes
1489 1193 1713 1245 gratanter
1745 1192 2006 1247 suscepisse,

240 1263 446 1317 quodque
488 1261 684 1314 prefatus
724 1260 992 1317 JohanneS2)
1035 1262 1104 1303 vel
1145 1262 1260 1303 alter
1292 1274 1392 1303 cum
1426 1261 1728 1316 responsione,
1761 1275 1848 1316 que
1881 1262 2006 1305 nobis
2026 1262 2078 1303 15

239 1332 557 1386 gratificabitur
617 1334 659 1373 et
712 1332 930 1385 placebit,
983 1345 1061 1386 per
1113 1333 1306 1373 breviter
1359 1333 1414 1374 ad
1468 1334 1669 1374 nostrum
1720 1335 2006 1387 conspectum

240 1404 498 1454 revertetur,
531 1402 838 1455 exprimentes,
871 1416 971 1444 curn
1010 1402 1282 1445 iocunditate
1316 1404 1359 1444 et
1391 1402 1526 1444 animi
1560 1402 1852 1445 excultatione
1884 1416 2007 1446 rece-

239 1473 385 1526 pimus
418 1474 460 1514 et
493 1472 700 1523 hylariter
732 1472 1029 1514 intelleximus
1063 1472 1357 1516 continentias
1396 1473 1650 1523 earundem,
1693 1475 1897 1525 rogantes
1929 1487 2006 1517 vos

240 1544 483 1584 attentione
515 1543 711 1597 cordiali,
744 1545 790 1585 ut
823 1544 978 1585 saltem
1012 1556 1092 1597 per
1125 1543 1291 1585 litteras
1315 1544 1367 1585 de
1391 1542 1693 1586 incolumitate
1716 1546 1759 1585 et
1780 1543 2006 1599 prosperis

239 1613 518 1655 successibus
550 1613 759 1667 predictis
792 1614 964 1668 placeat
1003 1628 1082 1656 nos
1115 1614 1314 1655 crebrius
1353 1614 1584 1656 consolari.
1650 1614 1856 1656 Ceterum
1888 1614 2078 1656 misit20

238 1683 364 1725 nobis
413 1684 594 1725 illustris
634 1684 858 1726 Amadeus
904 1697 1052 1726 comes
1091 1684 1337 1736 Sabaudie,
1385 1684 1738 1738 consanguineus
1782 1685 1827 1726 et
1865 1684 2007 1727 fidelis

238 1756 384 1796 noster
419 1754 619 1806 dilectus,
653 1755 875 1808 quandam
909 1755 1109 1796 cedulam
1132 1754 1177 1795 in
1200 1754 1419 1805 ydiomate
1445 1754 1611 1796 Gallico
1635 1754 1860 1809 scriptam,
1894 1754 2009 1796 inter

238 1826 384 1865 cetera
431 1826 710 1867 concordiam
759 1825 873 1866 inter
924 1826 1089 1878 regiam
1136 1825 1439 1867 excellentiam
1481 1838 1530 1867 ac
1573 1825 1742 1879 regales
1784 1825 2007 1878 principes

237 1894 461 1946 predictos
495 1908 575 1936 nec
609 1908 697 1936 non
718 1895 966 1937 Johannem
998 1895 1271 1938 nominatum
1306 1896 1462 1937 ducem
1487 1895 1743 1949 Burgundie
1775 1908 1856 1948 per
1888 1908 2006 1937 sum-

235 1977 354 2005 mum
387 1964 639 2017 pontificem
673 1966 948 2007 tractandam
978 1966 1316 2012 describentem,
1350 1978 1483 2020 quam
1505 1965 1674 2020 prefate
1697 1966 1814 2019 regie
1837 1964 2005 2007 sereni·
2019 1964 2076 2006 25

236 2034 317 2075 tati
357 2035 403 2075 in
443 2033 649 2090 specie,¹‘)
692 2036 816 2077 vobis
854 2049 957 2078 vero
996 2035 1169 2089 copiam
1212 2035 1258 2078 in
1298 2035 1437 2078 forma
1475 2035 1689 2078 translata
1727 2035 1774 2077 in
1818 2035 2006 2077 latinum

237 2104 516 2157 presentibus
555 2104 839 2148 interclusam
883 2106 1159 2161 providimus
1205 2106 1530 2148 destinandum.
1600 2106 1802 2148 Vestram
1842 2105 2004 2159 itaque,

239 2176 561 2228 consanguinee
603 2175 843 2227 carissime,
883 2176 1206 2230 providentiam
1248 2177 1617 2231 circumspectam
1656 2178 1874 2219 attentam
1905 2176 2004 2218 red-

236 2243 379 2286 dimus
418 2246 460 2286 et
507 2246 735 2287 hortamur
778 2247 1028 2301 diligenter,
1077 2247 1288 2301 quatinus
1330 2246 1375 2289 in
1413 2247 1634 2299 omnibus,
1690 2246 1877 2289 maxime
1919 2258 2004 2300 que

235 2313 281 2354 in
313 2315 512 2366 presenti
556 2317 731 2368 negotio
770 2316 1034 2359 incumbunt
1073 2317 1256 2371 agenda,
1295 2319 1340 2359 et
1382 2317 1515 2360 etiarn
1557 2317 1672 2359 circa
1710 2329 1775 2369 ea,
1807 2329 1895 2370 que
1924 2315 2076 2371 per30

235 2385 433 2426 oratores
476 2386 664 2437 nostros,
706 2386 783 2440 qui
816 2387 1013 2429 nondum
1043 2388 1286 2439 redierunt,
1324 2389 1368 2429 et
1399 2388 1569 2430 litteras
1601 2386 1838 2429 novissime
1869 2385 2004 2441 signi-

235 2452 518 2507 ficavimus3),
551 2456 614 2497 sic
642 2457 827 2498 solerter
857 2457 1110 2511 invigiletis,
1142 2457 1204 2500 sic
1235 2458 1479 2511 prudenter
1511 2458 1567 2500 ad
1598 2456 1790 2500 votivam
1821 2456 2003 2511 expedi-

235 2523 402 2566 tionem
433 2524 686 2578 intendatis,
719 2527 838 2581 quod
870 2528 918 2570 in
949 2527 1035 2570 hiis
1067 2541 1260 2582 pereque
1291 2527 1557 2582 provisionis
1580 2527 1826 2570 remedium
1847 2524 2003 2569 unius-

351 2687 380 2719 α)
401 2686 490 2722 Folqt
510 2694 569 2722 per
588 2688 785 2723 ilberflileeiy.
860 2689 892 2723 b)
913 2688 976 2717 Ob:
1001 2690 1046 2717 im
1072 2689 1244 2724 Wortlaut,
1269 2690 1314 2717 {m
1334 2689 1510 2726 Goqmatz
1535 2697 1576 2718 zu
1596 2690 1654 2718 der
1677 2689 1936 2725 UebereetzunaP-
1959 2688 2002 2716 In

234 2732 292 2760 cler
311 2733 454 2768 Faeeuny
473 2742 516 2761 an
536 2735 640 2770 Κῦπίσ
658 2734 793 2770 Ludwig
811 2736 853 2763 iat
872 2736 904 2763 in
924 2736 1068 2771 speciem
1088 2737 1161 2771 (sur
1179 2735 1303 2772 specie)
1322 2737 1577 2766 daretem-ichen.
2015 2723 2072 2767 35

354 2793 380 2830 ¹)
408 2791 486 2826 Der
510 2792 621 2828 Name
653 2794 701 2828 ist
729 2795 828 2829 m’cht
857 2807 950 2841 yanz
981 2795 1110 2830 sicher.
1161 2795 1241 2831 Der
1271 2795 1450 2831 Gesandte
1482 2795 1655 2843 beyeynet
1681 2807 1746 2831 une
1772 2799 1872 2831 eorm
1894 2794 2001 2831 nicht.

353 2850 381 2893 ¹)
405 2850 535 2885 Bisher
564 2852 663 2887 nicht
688 2858 853 2898 qenannt.
902 2853 954 2888 Es
979 2854 1125 2889 handelt
1147 2854 1224 2889 sich
1256 2854 1335 2890 hier
1365 2854 1464 2890 nieht
1490 2866 1548 2890 um
1571 2855 1639 2890 den
1669 2854 1872 2890 Gesandten
1895 2853 2000 2900 Huqo

234 2908 385 2943 sondern
408 2921 464 2943 um
489 2910 590 2945 einen
615 2911 750 2946 andern
774 2911 888 2947 Boten
911 2912 973 2948 des
999 2912 1164 2959 Herzoqe
1197 2913 1290 2958 (weil
1309 2913 1357 2948 da
1381 2913 1475 2948 stelit
1497 2913 1679 2949 Johannes
1704 2913 1759 2948 vel
1784 2911 1902 2959 alter),
1934 2911 2000 2947 der

234 2965 434 3002 Nachricht
447 2967 516 3013 fiir
542 2967 746 3011 Siqismund
766 2970 1006 3017 iiberbra'nyen
1030 2971 1108 3006 soll.
2119 3003 2122 3006 -

353 3025 381 3066 ⁸)
407 3025 517 3061 Diese
543 3027 658 3062 littere
674 3028 811 3073 selden.
2011 3019 2072 3062 40
