2216 3432
342 166 382 205 F.
394 166 566 212 Anhang:
586 165 804 213 Sigismund,
820 156 958 213 Gregor
969 167 1053 205 XII.
1070 178 1105 205 u.
1122 168 1268 203 Johann
1280 168 1418 204 XXIII.
1447 170 1580 206 1410—
1589 170 1691 207 1413.
1717 171 1778 209 Nr.
1797 172 1856 215 27,
1874 173 1931 210 28.
1961 164 2042 206 103

259 287 423 329 papam
443 273 616 327 XXIII,
647 285 750 326 ymo
782 275 1109 317 sacrosanctam
1131 275 1380 318 Romanam
1412 275 1643 319 ecclesiam
1674 277 1897 321 hostiliter
1922 278 2044 323 inva-

260 346 365 388 dere
404 345 601 406 molitur,
641 343 786 399 ipsum
829 345 1079 398 generalem
1118 348 1294 400 patrem
1326 347 1682 389 christicolarum
1724 349 1767 390 et
1799 349 2044 392 Romanam

258 415 489 460 ecclesiam
520 415 567 458 in
598 415 692 458 suis
723 414 930 458 fidelibus
962 417 1288 470 persequendo,
1321 417 1400 459 sed
1433 418 1489 470 et,
1523 417 1559 459 si
1592 418 1692 471 quis
1725 419 1848 460 recto
1878 418 2043 462 iudicio

257 487 479 543 pensabit,
516 487 735 542 quantum
781 486 962 541 proprie
1000 487 1245 540 facultates,
1286 487 1404 530 vires
1446 489 1490 529 et
1521 487 1722 542 potentia
1754 488 1895 531 eidem
1929 491 2045 532 Pan-

217 555 426 613 5dolpho
459 561 714 613 suppetant,
754 558 924 613 liquide
962 558 1136 612 patebit
1169 558 1369 600 eiusdem
1401 557 1665 612 impotentia
1697 559 1742 600 et
1774 571 1933 601 manus
1966 574 2045 603 sua

259 630 316 672 ad
347 631 440 672 tam
471 630 604 672 fortia
635 629 779 684 liquet
811 628 1086 681 abbreviata,
1125 642 1285 682 ymmo,
1329 630 1378 671 ut
1409 629 1643 683 loquamur
1676 630 1887 684 apertius,
1928 644 2045 673 com—

257 700 407 743 munis
430 700 626 755 divulgat
648 700 813 755 opiniQ
845 700 969 754 quod
991 698 1109 741 idem
1133 700 1423 754 Pandolphus
1445 701 1592 742 vestro
1616 699 1821 742 suffultus
1845 701 2044 744 subsidio

256 771 475 826 presumit
505 772 551 815 id
581 771 729 827 ipsum
761 763 1042 824 attemptare.
1098 771 1300 813 Profecto
1334 770 1467 812 etiam
1489 771 1536 812 in
1557 770 1753 824 practica
1774 772 2044 826 treugarum,

256 844 305 885 ut
336 843 456 886 unde
487 845 653 886 norunt
693 841 1055 894 ambassiatores,
1096 855 1148 883 ex
1181 842 1398 895 assumpti
1443 841 1567 894 regni
1599 840 1791 884 Romani
1822 841 1968 884 officio
2001 844 2045 884 et

191 911 242 953 10
257 915 306 956 ut
336 914 545 969 princeps
577 914 822 957 catholicus
855 914 1184 955 sacrosanctam
1212 912 1461 954 Romanam
1493 912 1724 955 ecclesiam
1756 913 1879 955 cultu
1911 927 2043 955 vene-

255 987 406 1028 rantes
437 986 666 1040 precipUO,
707 988 937 1038 tamquam
977 985 1218 1026 advocatus
1251 986 1295 1026 et
1326 985 1557 1038 protector
1594 996 1676 1037 t‘ro
1709 983 1968 1026 defensione
2001 986 2044 1026 et

254 1057 394 1099 tutela
425 1057 624 1099 eiusdem
657 1055 842 1098 ecclesie
874 1056 919 1097 et
942 1055 1011 1097 sui
1034 1054 1188 1109 sponsi
1211 1055 1419 1097 astrictus
1442 1056 1526 1110 eta)
1549 1067 1629 1095 nos
1652 1054 1867 1097 obnoxios
1890 1068 2042 1097 recen-

254 1129 403 1170 sentes
435 1128 492 1170 ad
523 1127 685 1179 omnia,
727 1140 815 1181 que
847 1126 1204 1181 prosperitatem,
1244 1125 1629 1179 tranquillitatem,
1670 1138 1826 1179 pacem
1865 1127 1908 1167 et
1941 1126 2043 1168 soli-

255 1199 440 1241 ditatem
473 1200 616 1241 status
650 1199 800 1240 sancte
833 1197 988 1240 matris
1021 1197 1207 1239 ecclesie
1240 1198 1284 1238 et
1315 1197 1475 1251 prefati
1510 1196 1671 1238 summi
1704 1195 1925 1249 pontificis
1949 1196 2042 1238 eius

187 1265 239 1307 15
255 1270 408 1324 sponsi
441 1269 651 1325 expedire
683 1271 910 1324 putamus,
952 1268 1142 1310 libenter
1175 1267 1292 1322 regie
1327 1267 1641 1310 sollicitudinis
1674 1269 1823 1321 partes
1857 1267 2044 1321 apponi-

254 1355 368 1394 mus,
402 1355 458 1384 ne
490 1343 645 1384 contra
677 1354 768 1393 eos,
801 1354 889 1394 que
923 1353 1043 1382 nunc
1075 1339 1293 1381 inminere
1327 1339 1549 1391 dicuntur,
1582 1339 1855 1380 invalescere
1878 1340 2045 1392 queant

254 1413 559 1467 tempestates,
593 1411 776 1464 eisdem,
809 1412 943 1465 prout
976 1410 1258 1464 oportunitas
1292 1409 1480 1467 dederit,
1515 1409 1828 1451 succurrendo.
1894 1409 2042 1459 Quare

254 1483 523 1537 requirimus
548 1497 600 1525 ex
623 1482 784 1525 affectu
807 1484 851 1524 et
873 1483 1040 1524 attente
1063 1482 1295 1524 hortamur
1317 1482 1486 1523 vestras
1509 1480 1806 1532 sinceritates,
1833 1479 2043 1533 quatinus

253 1554 473 1608 prefatum
523 1553 837 1607 Pandolphum
894 1553 949 1594 ab
998 1551 1254 1596 huiusmodi
1301 1551 1393 1593 suis
1441 1550 1675 1593 conatibus
1724 1551 1951 1593 retrahere
1999 1552 2043 1592 et

181 1621 239 1663 ΞΟ
253 1638 535 1678 compescere
567 1625 624 1677 et,
656 1625 708 1666 ut
740 1626 867 1667 actus
901 1637 1005 1666 suos
1038 1623 1230 1676 corrigat
1262 1624 1306 1664 et
1337 1623 1555 1677 prefatam
1588 1623 1786 1663 sanctam
1809 1621 2040 1664 ecclesiam

252 1698 298 1739 et
330 1695 558 1742 dominum
591 1697 794 1738 nostrum
823 1707 985 1749 papam
1009 1707 1059 1736 ac
1083 1694 1177 1736 eius
1200 1693 1354 1736 fideles
1377 1706 1467 1736 non
1489 1693 1710 1745 molestet,
1743 1705 1823 1745 per
1845 1691 2040 1734 remedia

252 1766 562 1809 convenientia
592 1768 746 1808 tenere
779 1767 824 1808 et
856 1766 1108 1817 cohercere,
1151 1765 1207 1807 ad
1239 1763 1363 1820 hocb)
1404 1763 1488 1806 sibi
1521 1762 1874 1815 subventionem,
1917 1762 2040 1804 auxi-

252 1837 375 1889 lium,
417 1837 654 1880 consilium
697 1837 768 1879 vel
810 1836 1002 1878 favorem
1049 1836 1306 1878 nullatenus
1354 1835 1678 1888 impartientes,
1719 1846 1818 1887 ymo
1856 1846 2039 1887 passum

252 1907 395 1950 eidem
444 1920 525 1962 per
570 1909 720 1950 vestra
767 1907 992 1950 territoria
1031 1908 1088 1949 ob
1136 1908 1335 1949 nostram
1387 1907 1432 1948 et
1479 1905 1718 1960 apostolice
1768 1904 1887 1945 sedis
1935 1917 2040 1945 con-

180 1975 587 2033 25temp1ationem
619 1980 663 2021 et
694 1977 994 2021 reverentiam
1027 1978 1265 2033 specialem
1299 1990 1349 2019 ac
1380 1977 1495 2019 fame
1526 1978 1672 2018 vestre
1705 1975 1967 2030 preconium
1996 1976 2040 2016 et

250 2050 412 2093 favoris
435 2052 480 2092 et
502 2049 820 2093 beneficiorum
851 2049 1205 2092 vicissitudinem
1237 2061 1422 2104 prorsus
1451 2047 1715 2090 interdicere
1749 2046 1970 2088 studeatis
1994 2047 2038 2087 et

252 2121 410 2164 velitis.
474 2123 637 2164 Datum
669 2122 752 2163 etc.

250 2298 327 2343 28.
377 2298 531 2355 (Kb'niy
567 2297 814 2355 Siyismund
849 2312 904 2339 an
941 2299 1028 2339 eine
1063 2296 1317 2338 italienische
1358 2294 1498 2351 stadt)
1547 2293 1712 2350 belclayt
1740 2294 1805 2335 die
1841 2293 2038 2335 zwisclte‘n

250 2369 387 2426 Ko'niy
425 2368 656 2411 Ladislaus
698 2383 775 2410 von
815 2367 974 2424 Neapel
1017 2368 1105 2409 und
1144 2366 1313 2408 Joliann
1350 2364 1524 2409 XXIII.
1563 2381 1642 2407 neu
1684 2364 2038 2420 ausfsebroclcenen

179 2448 238 2490 30
253 2439 569 2496 Streitiylceiten,
604 2440 720 2482 theilt
748 2439 1009 2495 Absenduny
1041 2440 1150 2480 eines
1183 2437 1422 2481 Gesandcen
1454 2452 1509 2477 an
1540 2437 1618 2478 den
1639 2435 1779 2491 Ko'niy
1809 2435 1896 2476 und
1927 2436 2038 2475 einer

250 2512 490 2554 eventuellen
528 2526 658 2554 neuen
688 2510 1017 2565 Gesandtschaft
1054 2524 1110 2550 an
1148 2508 1261 2550 beide
1296 2510 1374 2550 mit
1413 2508 1500 2549 und
1536 2507 1708 2558 ermom,
1749 2507 1838 2547 dem
1871 2504 2034 2560 Papae,

446 2597 564 2625 wemz
593 2596 639 2624 er
669 2581 923 2638 anyeqrzffm
953 2580 1098 2632 werde,
1134 2579 1396 2622 beizustelzen.
1462 2576 1598 2632 (1413
1629 2577 1840 2632 Anfany.)

322 2675 354 2709 B
379 2686 443 2710 aus
473 2674 556 2710 Cod.
582 2675 768 2710 Palatinus
795 2674 862 2710 701
879 2675 951 2720 fol.
976 2673 1049 2709 298
1072 2674 1136 2708 der
1167 2673 1280 2708 Vatik.
1309 2671 1519 2715 Bibliotlzek,

371 2769 670 2814 Honorabiles
702 2775 747 2813 et
778 2769 1013 2825 magnifici,
1045 2769 1216 2822 fideles,
1249 2768 1414 2811 dilecti.
1463 2765 1717 2809 Novissime
1750 2764 2036 2817 displicenter

181 2839 236 2882 35
252 2842 430 2884 nostras
476 2841 682 2896 pervenit
728 2842 785 2884 ad
831 2854 978 2894 aures,
1027 2841 1147 2895 quod
1194 2839 1463 2893 cooperante
1509 2838 1655 2889 satore
1679 2888 1682 2897 „
1702 2834 1875 2889 zyzanie
1919 2834 2034 2875 inter

251 2911 586 2955 sanctissimum
616 2911 664 2954 in
696 2911 872 2955 Christo
903 2913 1079 2966 patrem
1112 2913 1157 2953 et
1179 2909 1407 2953 dominum
1429 2910 1647 2960 nostrum,
1681 2904 1907 2948 dominum
1928 2916 2033 2961 apo-

369 3064 401 3103 a>
421 3065 455 3093 et
473 3063 634 3097 astrictus
653 3065 693 3094 Β.
729 3064 764 3103 b)
783 3062 869 3095 hanc
887 3063 927 3096 B·
