2216 3432
488 152 526 187 G.
568 151 746 187 Benedikt
769 152 881 196 XIII„
908 154 1064 200 Spanien
1089 158 1161 192 und
1188 159 1249 194 das
1274 161 1494 198 Konstanzer
1518 166 1654 204 Konzil.
1696 169 1754 206 Nr.
1781 171 1835 207 85.
1947 164 2031 205 325

283 260 429 303 locum
465 259 511 302 in
553 259 774 314 scismate,
822 263 941 315 quod
981 264 1124 307 omnis
1164 267 1380 311 hereticus
1417 272 1482 312 est
1520 274 1800 330 scismaticus,
1847 280 1913 320 set
1950 292 2035 323 non

283 345 307 375 e
339 332 492 374 contra
524 363 534 373 .
567 365 576 374 .
612 329 673 386 .1)

401 402 514 445 Item
544 415 635 445 non
666 402 842 445 videtur
873 405 1050 447 obstare
1083 410 1200 461 quod
1223 409 1355 463 aliqui
1379 425 1429 452 ex
1453 412 1577 455 dictis
1600 414 1814 459 iudicibus
1837 418 2033 462 dicantur

282 473 668 526 excommunicati,
721 475 841 528 quod
885 475 1049 518 forsam
1092 491 1180 520 non
1218 483 1321 522 sunt
1366 483 1539 535 publice
1582 488 1626 527 et
1671 488 1924 530 nominatim
1962 505 2033 532 ex-

238 544 595 589 5communicati
633 546 676 587 et
714 546 890 600 publice
930 547 1186 602 denuntiati,
1231 553 1348 604 quod
1379 554 1423 594 in
1456 554 1535 595 hac
1566 558 1755 610 materya
1786 560 2032 613 requiritur,

282 618 333 659 ut
363 616 409 658 in
442 616 558 659 dicto
590 630 626 658 c.
663 617 720 656 ad
741 616 1053 675 probanduffl)
1085 622 1128 662 et
1158 621 1217 663 ibi
1249 622 1378 676 plene
1410 638 1488 677 per
1521 626 1773 670 Heinrieum
1804 631 1902 682 post
1932 630 2035 672 alios

281 688 484 730 doctores
526 689 569 730 et
608 701 689 742 per
728 688 809 742 glo.
845 688 890 730 in
924 690 1012 732 Cle.
1052 691 1195 745 prima
1235 693 1282 734 de
1313 695 1529 749 sepulturis
1560 711 1692 750 super
1721 700 1852 740 verbo
1876 699 2035 754 publice

281 761 325 801 et
355 758 418 801 ibi
451 759 538 801 late
570 772 650 813 per
682 758 974 803 Guillermum
1007 763 1059 804 de
1092 764 1237 806 Monte
1270 765 1522 819 Lugdunoss)
1548 769 1590 808 et
1614 781 1698 809 non
1722 769 1876 812 dicitur
1898 771 2034 812 nomi—

280 831 419 873 natim
452 831 870 883 excommunicatus,
904 832 985 874 nisi
1035 834 1109 887 qui
1147 836 1323 877 nomine
1355 838 1534 890 proprio
1568 852 1770 892 expresse
1802 841 1930 882 fuerit
1962 855 2032 883 ex-

212 901 652 955 10communicatus,
692 904 741 944 ut
778 905 957 945 notatur
996 905 1056 946 ibi
1094 919 1172 958 per
1211 906 1374 948 dictum
1407 908 1691 950 Guillerinum
1722 912 1766 952 et
1797 911 1925 963 plene
1956 926 2033 965 per

277 974 359 1027 glo.
394 975 438 1015 et
469 973 579 1016 alios
613 974 814 1016 doctores
847 977 889 1016 et
922 976 1144 1029 signanter
1175 991 1254 1031 per
1286 977 1540 1020 Heinricum
1572 981 1670 1033 post
1701 980 1805 1023 alios
1834 995 1867 1023 c.
1891 997 1979 1022 cum
2000 990 2035 1023 et

273 1045 506 1100 planem-ea)
549 1046 603 1087 de
643 1045 884 1100 privilegiis
922 1049 965 1088 et
1001 1061 1081 1101 per
1111 1048 1420 1091 Innoceneium
1460 1051 1502 1091 in
1537 1064 1570 1091 c.
1603 1052 1646 1090 in
1687 1050 1952 1093 lateranensi
1982 1055 2033 1095 de

276 1116 530 1170 prebendis,
540 1115 576 1167 4)
1616 1129 1621 1133 “

394 1188 504 1230 Item
553 1189 676 1241 dato,
729 1190 848 1243 quod
901 1191 1120 1232 constaret
1171 1204 1244 1233 eos
1297 1192 1690 1234 excommunicatos
1737 1195 1779 1235 et
1825 1193 2031 1247 publicos,

209 1258 260 1299 15
276 1259 415 1301 eciam
463 1259 579 1302 circa
623 1260 815 1314 primum
859 1262 1040 1302 modum
1081 1260 1285 1314 valeretb)
1325 1262 1546 1304 sentencia
1591 1263 1781 1316 illorum,
1828 1265 1899 1317 qui
1947 1279 2033 1306 non

276 1333 428 1373 essent
475 1345 628 1374 revera
676 1332 1060 1385 excommunicati,
1116 1331 1313 1386 quamvis
1361 1347 1458 1374 cum
1506 1334 1882 1376 excommunicatis
1934 1349 2032 1389 pro-

275 1401 515 1443 cessissent
552 1404 596 1444 et
634 1403 798 1445 seirent
837 1417 912 1446 eos
951 1403 1361 1455 excommunicatos,
1400 1417 1451 1444 ex
1491 1418 1578 1457 quo
1617 1406 1716 1447 ante
1755 1419 1902 1447 eorum
1935 1420 2031 1447 sen-

273 1473 465 1515 tenciam
506 1475 601 1516 erat
639 1474 821 1517 dubium
864 1476 917 1517 de
950 1474 1059 1528 iure,
1103 1488 1158 1516 an
1190 1475 1252 1516 illi
1285 1477 1430 1516 essent
1461 1476 1833 1528 excommunicati,
1865 1477 1931 1517 vel
1965 1490 2030 1527 ne,

272 1544 368 1585 tum
402 1545 536 1586 etiam
570 1545 686 1598 quia,
721 1545 796 1587 ubi
829 1559 917 1587 non
950 1548 1067 1587 esset
1101 1546 1283 1587 dubium
1316 1546 1370 1587 de
1399 1546 1505 1598 iure,
1539 1559 1625 1587 non
1654 1548 1801 1588 tamen
1832 1548 2027 1599 poterant

202 1616 260 1657 ΞΟ
274 1628 365 1656 11011
404 1615 772 1658 exeommunicati
810 1617 920 1669 illos,
960 1631 1069 1670 quos
1109 1617 1345 1659 eredebant
1383 1616 1791 1669 excommunicatos,
1831 1617 1884 1657 de
1918 1617 2029 1658 facto

273 1687 495 1740 expellere
547 1701 572 1729 a
621 1688 856 1731 iudicando
902 1689 1068 1742 absque
1113 1688 1299 1730 maximo
1350 1701 1448 1741 ymo
1494 1687 1616 1730 totali
1661 1687 1872 1729 disturbio
1919 1687 2027 1727 dicte

273 1757 542 1811 cognicionis
565 1759 752 1811 iusticie,
786 1773 866 1812 per
897 1772 1030 1812 quam
1063 1761 1263 1812 speratur
1294 1758 1505 1812 subsequi
1535 1771 1618 1812 pax
1651 1757 1696 1798 in
1728 1757 1805 1799 Dei
1836 1757 2027 1807 ecclesia,

275 1829 318 1870 et
348 1828 449 1870 ideo
472 1829 549 1882 hii,
584 1829 659 1883 qui
682 1843 729 1871 se
753 1831 935 1872 eredunt
958 1843 1046 1871 non
1070 1829 1475 1881 excommunicatos,
1508 1830 1692 1882 possunt
1713 1828 1963 1881 premittere
1986 1827 2025 1867 in

271 1900 355 1943 hoc
378 1913 483 1942 casu
507 1901 878 1954 protestacionem
900 1901 1116 1955 privatim,
1139 1901 1207 1942 vel
1230 1900 1266 1941 si
1288 1901 1507 1953 poterunt,
1531 1899 1714 1952 publice,
1738 1899 1855 1951 quod
1877 1911 1926 1940 ex
1950 1912 2025 1938 sua

200 1971 255 2013 25
273 1971 417 2013 solum
462 1973 682 2025 potestate
726 1973 961 2014 intendunt
1005 1972 1240 2025 procedere
1284 1972 1326 2011 et
1363 1971 1664 2024 pronunciare,
1704 1970 1743 2011 et
1787 1969 1903 2022 quod
1940 1982 2024 2009 non

271 2043 573 2096 consenciunt,
608 2044 726 2097 quod
760 2044 836 2097 illi,
870 2044 943 2096 qui
977 2044 1079 2084 sunt
1111 2041 1422 2083 excomunicati
1447 2042 1489 2082 et
1511 2054 1597 2083 non
1619 2041 1802 2093 possunt
1824 2038 2023 2088 iudicare,

268 2108 470 2155 iudicent
510 2128 609 2156 cum
642 2115 716 2166 eis,
760 2116 802 2156 et
841 2115 895 2156 ab
934 2114 1035 2155 inde
1073 2114 1279 2167 poterunt
1316 2126 1466 2154 secure
1499 2125 1595 2153 cum
1628 2111 1689 2151 eis
1720 2109 1951 2163 procedere
1983 2111 2024 2149 et

268 2184 433 2226 valebit
471 2184 536 2238 id,
577 2187 697 2239 quod
738 2185 815 2227 fiet
855 2200 879 2228 a
922 2199 1010 2227 non
1053 2183 1456 2235 excommunicatis,
1500 2180 1698 2235 quamvis
1735 2179 2023 2233 processerint

269 2268 370 2297 eum
402 2256 807 2298 excommunicatis.
873 2257 964 2297 Nec
994 2256 1139 2296 obstat
1170 2255 1288 2307 quod
1310 2255 1354 2295 in
1379 2266 1480 2295 casu
1503 2250 1769 2293 necessitatis
1792 2262 2022 2303 possumus

198 2328 255 2370 30
270 2327 592 2369 communicare
625 2341 724 2369 cum
757 2326 1191 2378 excoinmunicatiS,⁰)
1225 2338 1257 2366 c.
1292 2339 1381 2364 cum
1412 2337 1530 2378 super
1567 2324 1609 2363 et
1640 2335 1674 2363 c.
1704 2319 2023 2375 adprobandum

391 2479 421 2511 a)
435 2479 610 2513 planetam
624 2481 661 2508 B.
699 2481 732 2514 b)
746 2480 888 2507 valleret
903 2480 938 2506 B.
965 2478 1110 2511 Hierauf
1120 2477 1203 2511 solat
1216 2475 1401 2511 processire
1416 2475 1456 2507 et,
1470 2474 1548 2501 cloch
1563 2472 1768 2506 iiber-flioeeiy?
1806 2471 1834 2504 c)
1854 2470 1960 2497 Wohin
1974 2470 2022 2495 die

266 2524 359 2552 Stella
379 2526 677 2559 quod—excomm.
696 2528 807 2562 gehen
825 2527 867 2554 ist
887 2527 971 2553 nach
992 2527 1049 2552 (zer
1068 2523 1285 2556 Handschrift
1304 2523 1389 2550 nicht
1408 2529 1490 2556 ‚qanz
1509 2521 1619 2548 sicher.
1656 2519 1744 2547 Doch
1764 2516 2021 2545 u-ahrscheinlich

266 2572 415 2600 hierhin?

388 2634 415 2672 ¹)
439 2631 490 2667 Es
507 2633 636 2679 solyen
661 2634 750 2667 noch
777 2634 853 2667 eine
881 2633 991 2668 Reilee
1018 2631 1162 2676 ln‘erauf
1183 2629 1404 2674 bezayliclwr
1431 2627 1574 2668 Scellen,
1599 2637 1663 2660 vor
1689 2625 1786 2658 allam
1812 2624 1865 2657 die
1898 2622 2020 2655 Glossa

196 2696 251 2738 35
267 2702 375 2737 super
399 2693 522 2726 verbo:
549 2693 722 2737 pertinaci
746 2692 807 2726 des
836 2693 1116 2737 letztyenannten
1141 2689 1310 2735 Kapitels.

387 2751 415 2795 2)
446 2750 519 2796 Vyl.
544 2751 667 2796 voriye
695 2750 794 2785 Seite
821 2750 921 2784 Amn.
947 2749 980 2784 2.

387 2810 414 2854 ²)
446 2809 562 2845 Ueber
598 2810 665 2844 den
702 2809 891 2844 Glossator
935 2809 1139 2843 Guillelmus
1165 2807 1206 2841 de
1233 2805 1350 2840 Monte
1382 2804 1546 2849 Luydmeo
1577 2801 1785 2845 (Laudmio),
1824 2797 1894 2831 ΑΜ
1926 2798 2018 2831 eines

265 2869 429 2904 Klosters
466 2869 503 2903 in
532 2868 699 2911 Poitiers,
736 2869 803 2913 vyl.
843 2868 1001 2910 Schulte,
1042 2867 1111 2901 Die
1149 2866 1356 2901 Gescln'elete
1387 2864 1450 2897 der
1475 2861 1615 2902 Qaellen
1647 2859 1716 2892 und
1744 2858 1921 2891 Litoratur
1957 2855 2015 2888 des

270 2927 512 2964 Canoniscken
537 2927 669 2962 Rechts
695 2926 743 2970 II,
771 2926 848 2961 197.
891 2926 946 2961 Er
971 2926 1110 2961 sehrieb
1138 2926 1213 2959 eine
1232 2923 1385 2958 Leccam
1410 2931 1515 2967 super
1543 2917 1771 2954 Clementinis.
1814 2915 1881 2949 Die
1909 2914 2015 2948 Stelle

193 2988 330 3036 40der
358 2986 462 3023 Clem.
489 2999 519 3022 c.
547 2986 578 3021 1.
603 2985 672 3023 III.
699 2985 729 3020 7.

385 3048 414 3096 ⁴)
440 3058 470 3082 c-
495 3046 520 3080 3
543 3045 588 3083 X.
626 3044 655 3081 V
679 3045 727 3080 33
753 3044 824 3079 und
844 3043 889 3078 31
916 3043 960 3078 X.
985 3042 1055 3080 III.
1079 3044 1113 3080 5.
1162 3041 1351 3078 Heinricus
1375 3040 1424 3074 isc
1446 3038 1509 3072 der
1533 3034 1741 3071 Hostc'ensis.
