2216 3432
22 3218 47 3237 ’,
7 3061 57 3181 »qim-v.
27 3009 33 3049 -w

402 170 440 206 G.
466 171 665 213 Mahtesta,
692 170 829 216 Gregor
853 170 936 206 xil.
963 171 1037 205 und
1062 171 1240 205 Benedikt
1265 171 1365 208 XIII.
1394 172 1640 208 1410—1413.
1669 171 1731 206 Nr.
1758 173 1791 206 9.
1952 162 2004 205 51

216 280 468 336 omnibusa)
513 279 778 324 obediencia
826 280 1038 334 nullaque
1071 280 1129 322 sit
1161 280 1337 334 planior
1370 281 1414 322 et
1445 279 1675 334 patencior
1706 280 1792 334 via,
1840 278 2009 337 quodb)

217 344 375 397 unicus
407 354 561 407 pastor
593 353 648 395 ab
681 352 889 394 omnibus
923 352 1178 406 recipiatur,
1212 353 1256 394 et
1288 350 1351 393 illi
1378 352 1630 405 spontanea
1654 351 1920 395 exhibeatur
1952 354 2008 396 ab

216 425 423 468 omnibus
446 424 718 476 obedientia,
752 438 886 478 quam
918 423 990 465 via
1013 423 1269 465 huiusmodi
1298 423 1473 466 concilii
1497 423 1739 478 generalis3
1772 426 2010 478 propterea

218 497 471 540 huiusmodi
506 496 740 539 concilium
777 495 1023 538 universale
1058 495 1315 549 congregari
1336 497 1612 550 oportunum
1641 495 1854 550 precipue
1886 496 2009 538 vide-

175 564 302 612 5tur.
367 571 529 612 Patent
561 569 655 622 hec,
689 567 874 623 prim00)
908 581 961 609 ex
994 567 1170 609 notoria
1218 566 1360 621 ipsius
1408 567 1618 620 veritate3
1653 568 1849 610 secundo
1889 567 2009 622 quia,

217 643 255 686 si
287 641 583 685 communiter
617 641 664 682 in
696 653 835 682 unum
869 637 1210 694 consencientd)
1243 641 1404 693 sponte
1436 640 1506 681 vel
1540 639 1742 696 saltem⁰)
1776 653 1829 681 ex
1853 641 2010 683 maiori

216 717 344 770 parte
376 717 467 757 tam
500 713 677 756 racione
710 725 842 766 quam
867 711 1145 754 auctoritatis
1168 711 1367 766 plurium
1391 712 1661 762 reverencia,
1696 712 1804 766 quin
1826 710 2011 768 ymmos)

218 787 403 842 spiritus
436 785 591 834 sancti,
635 784 741 838 quia
775 783 923 825 debite
957 784 1040 825 erit
1073 783 1263 826 ecclesia
1296 786 1451 825 sancta
1484 784 1763 837 congregata,
1797 785 2011 837 cogentur

218 858 518 913 acquiescere.
585 857 712 898 Unde
746 855 928 897 minime
963 856 1261 897 dubitandum
1295 857 1421 911 estg),
1472 856 1594 909 quod
1640 855 1768 897 illum
1812 869 1902 897 non
1942 869 2012 897 re-

150 923 204 964 10
218 930 387 984 cipiant
419 942 574 972 omnes
607 930 652 970 et
685 928 977 982 spontaneam
1010 927 1071 968 illi
1108 941 1198 968 non
1231 927 1471 969 exhibeant
1505 926 1827 969 obedienciam.
1882 927 2013 978 Quod

219 1003 255 1045 si
288 1002 417 1045 aliter
450 1001 589 1051 fieret,
636 999 917 1053 experiencia
967 1001 1094 1047 teste,
1146 1013 1226 1041 nec
1259 1000 1315 1041 ab
1363 999 1573 1041 omnibus
1605 999 1883 1054 reciperetur
1933 1013 2013 1041 nec

219 1075 283 1117 illi
315 1076 565 1129 spontanea
598 1072 883 1114 exhiberetur
902 1071 1183 1123 obediencia;
1217 1071 1552 1126 propterquod,
1586 1072 1790 1125 quamvis
1824 1072 2013 1114 ecclesia

220 1149 374 1189 sancta
407 1145 543 1187 dividi
579 1146 788 1198 nequeat,
836 1157 926 1187 non
976 1146 1126 1186 tamen
1176 1157 1302 1185 sacra
1351 1145 1397 1185 et
1435 1143 1588 1197 optata
1621 1144 1775 1185 sancte
1809 1144 2012 1186 Romane

219 1219 404 1263 ecclesie
439 1216 729 1270 reiruegracio
761 1216 887 1258 fieret
920 1218 963 1258 et
998 1230 1101 1258 vera
1132 1216 1288 1269 populi
1321 1215 1551 1258 christiani
1586 1216 1706 1257 unio.

151 1281 203 1323 15
339 1291 496 1333 Modus
529 1292 677 1332 autem
699 1289 876 1331 videtur
899 1302 1015 1342 pape
1039 1288 1248 1341 Gregorio
1288 1288 1409 1329 utilis
1454 1291 1498 1329 et
1535 1292 1785 1342 oportunus
1820 1289 1876 1330 ad
1908 1302 2013 1330 con-

221 1364 494 1418 gregandum
526 1362 782 1403 huiusmodi
817 1361 1023 1414 generale
1058 1363 1097 1402 et
1135 1360 1437 1402 indubitatum
1461 1360 1715 1408 concilium,
1750 1361 1869 1413 quod
1893 1374 2013 1402 com-

222 1435 360 1485 muni,
394 1435 430 1476 si
462 1433 559 1476 fieri
592 1431 798 1487 potesth),
847 1432 1047 1474 omnium
1080 1432 1215 1474 trium
1249 1434 1545 1485 congregetur
1578 1445 1799 1474 consensu
1833 1433 1877 1473 et
1909 1445 2014 1474 auc-

222 1507 444 1550 toritatem
478 1505 639 1558 singuli
672 1506 906 1559 prebeant,
940 1518 1072 1557 quam
1105 1504 1272 1545 habent
1305 1505 1372 1545 vel
1406 1504 1683 1557 pretendunt
1714 1504 1892 1545 habere.

343 1577 602 1619 Communis
635 1590 878 1618 consensus
913 1578 955 1617 et
988 1577 1231 1617 auctoritas
1265 1577 1401 1617 trium
1425 1572 1666 1631 exigiturl),
1701 1577 1749 1616 ut
1781 1576 1836 1617 ab
1870 1574 2014 1616 omni-

153 1639 308 1692 20bus
341 1649 594 1692 indubitata
625 1650 833 1690 teneatur
882 1649 1121 1689 auctoritas
1171 1648 1425 1689 huiusmodi
1461 1647 1659 1699 concilii3
1708 1646 1814 1700 quia
1848 1660 2015 1700 nequa-

223 1735 358 1775 quam
392 1720 639 1763 dubitabile
687 1722 767 1764 est.
816 1720 934 1772 quod
982 1720 1028 1760 in
1077 1720 1215 1761 altero
1250 1720 1386 1761 trium
1418 1720 1619 1773 potestas
1651 1720 1846 1772 papatus
1880 1717 1939 1759 sit
1972 1720 2015 1760 et

224 1793 357 1847 plena
391 1793 632 1834 auctoritas
667 1791 898 1833 ecclesiam
934 1791 1245 1844 congregandi.

345 1863 460 1906 Modi
494 1865 581 1905 duo
614 1863 823 1904 videntur
859 1863 1067 1916 oportuni
1117 1875 1198 1915 pro
1237 1863 1442 1904 ordinata
1464 1861 1722 1903 huiusmodi
1747 1861 2013 1902 universalis

224 1935 399 1979 concilii
424 1935 791 1989 congregacione:
825 1934 930 1987 quia
963 1934 1017 1975 ad
1051 1933 1190 1988 ipsius
1214 1933 1548 1976 ordinacionem
1569 1934 1761 1990 quatuor
1795 1933 1901 1974 sunt
1934 1946 2014 1974 ne-

154 1996 207 2037 25
225 2007 429 2059 cessaria,
474 2004 724 2058 videlicetk)
760 2007 930 2058 modus,
971 2007 1107 2055 locus,
1143 2007 1320 2060 tempus
1370 2008 1413 2047 et
1461 2005 1691 2047 securitas.
1756 2005 1912 2046 Modus
1948 2018 2015 2046 re-

224 2081 424 2132 spectum
462 2079 595 2120 habet
628 2079 682 2120 ad
718 2078 988 2131 principales
1022 2081 1066 2119 et
1099 2078 1154 2118 ad
1191 2077 1511 2131 principalibus
1536 2077 1811 2128 obedientes,
1846 2075 2016 2117 scilicet

225 2151 261 2192 si
294 2151 590 2205 personaliter
618 2149 887 2204 principales
921 2147 1153 2204 concilio¹)
1187 2150 1343 2190 adesse
1376 2148 1600 2191 voluerint
1631 2149 1700 2190 vel
1748 2161 1829 2201 per
1861 2161 2015 2189 eorum

224 2224 609 2277 procuratores¹¹¹),
644 2222 760 2275 quod
802 2222 960 2263 modus
999 2221 1100 2262 talis
1134 2221 1397 2270 inveniatur,
1433 2221 1505 2274 qui
1541 2220 1750 2261 omnibus
1784 2220 1840 2260 sit
1873 2232 2015 2273 equus

225 2296 268 2335 ct
300 2294 600 2345 communis.'¹)

154 2353 211 2394 30
344 2365 464 2407 Ordo
498 2368 647 2407 autem
697 2365 753 2406 ad
792 2366 1127 2406 convocandum
1162 2365 1364 2407 subditos
1397 2363 1721 2418 principalibus
1755 2365 1799 2405 ct
1833 2362 2012 2404 univer-

225 2438 316 2478 sale
348 2436 585 2479 concilium
598 2438 636 2491 ¹¹)
654 2435 895 2478 canonicus
929 2440 971 2478 et
1007 2437 1208 2477 comunis
1242 2436 1430 2486 videtur,
1465 2435 1586 2489 quod
1620 2448 1774 2477 omncs
1797 2436 2013 2476 vocentur

225 2508 385 2562 prelati
418 2509 462 2549 et
494 2507 565 2550 alii
601 2508 845 2549 secundum
880 2507 1224 2561 disposicionem
1260 2521 1489 2549 sacrorum
1523 2520 1757 2548 canonum.

346 2579 553 2621 Ceterum
602 2579 722 2632 quod
770 2592 924 2620 omnes
972 2580 1122 2631 patros
1170 2579 1463 2632 personaliter
1506 2579 1745 2620 teneantur
1790 2577 2012 2628 accedere,

226 2649 312 2692 nisi
345 2653 528 2704 propter
559 2649 865 2692 infirmitatem
913 2663 1002 2691 non
1035 2651 1179 2692 levem
1212 2653 1290 2692 aut
1323 2649 1506 2692 nimiam
1540 2650 1815 2691 senectutem
1848 2648 2015 2689 fuerint

156 2840 210 2881 35
346 2851 377 2885 a)
398 2851 439 2878 ab
461 2858 547 2879 omn.
569 2850 770 2878 exhibeatur
791 2852 819 2878 0.
894 2851 927 2886 b)
949 2851 1037 2886 quod
1059 2851 1108 2878 bis
1128 2851 1320 2878 obedientia
1340 2851 1421 2885 fehlt
1443 2851 1471 2877 C'.
1557 2851 1586 2884 c)
1607 2849 1714 2885 prima
1754 2864 1785 2868 ——
1822 2848 1969 2876 secunda
1990 2848 2017 2875 B

227 2899 295 2926 und
315 2899 354 2925 D.
434 2898 467 2933 d)
500 2898 730 2926 consentirent
760 2900 799 2934 O;
838 2899 1047 2926 consentiant
1068 2900 1107 2926 D.
1189 2900 1217 2932 e)
1251 2898 1364 2926 saltim
1386 2899 1415 2926 Ο.
1501 2897 1524 2932 f)
1562 2898 1662 2925 immo
1683 2898 1722 2924 D.
1818 2898 1850 2931 g)
1871 2896 1958 2923 Fehlt
1986 2896 2016 2923 Ο.

226 2945 260 2980 11)
288 2946 404 2981 posset
424 2946 463 2973 D.
537 2945 558 2979 i)
580 2945 734 2981 exigetur
763 2947 801 2973 D.
874 2947 910 2981 k)
951 2947 1037 2974 Fehlt
1061 2947 1090 2974 0.
1162 2946 1185 2980 l)
1225 2946 1366 2974 consilio
1389 2946 1429 2981 O;
1450 2945 1532 2980 fehlt
1553 2946 1592 2971 D.
1664 2945 1708 2978 m)
1731 2944 1965 2980 procreatores
1987 2943 2016 2970 Ο.

227 2993 259 3027 n)
280 2993 454 3021 consilium
477 2993 517 3029 0,·
535 3001 571 3022 80
590 2994 714 3022 immer.

350 3078 378 3122 ¹)
404 3078 494 3113 Hier
522 3078 639 3113 briclet
663 3079 727 3112 der
756 3078 885 3112 Druck
911 3079 966 3115 ab.
1677 3123 1728 3165 4*
