2216 3432
489 158 529 196 E.
573 159 775 206 sigismund
801 165 872 198 und
899 166 958 200 der
982 168 1193 212 griechische
1218 172 1342 208 Kaisar
1367 176 1512 212 Manuel.
1555 179 1612 217 Nr.
1641 182 1715 218 111.
1889 176 1970 218 393

235 268 519 309 sacrosancta
552 267 757 311 Romana
798 271 991 315 ecclesia.
1064 275 1188 318 Modo
1226 281 1522 325 sanctissimus
1565 285 1607 327 in
1646 287 1814 331 Christo
1850 295 1973 345 pater

235 338 281 380 et
304 337 525 392 dominus,
555 339 760 382 dominus
783 342 1002 386 Johannes
1025 346 1168 390 divina
1190 352 1459 402 providentia
1481 368 1594 409 papa
1615 357 1778 412 XXIII„
1807 362 1971 415 unicus,

234 422 366 452 verus
406 422 526 464 papa
563 410 796 453 concilium
835 416 1034 467 generale
1067 421 1399 478 promulgavitl)
1436 424 1481 466 in
1522 428 1714 479 proximo
1753 431 1972 474 celebran-

0 524 12 558 Ι
235 481 342 523 dum
375 484 418 522 et
451 494 588 536 super
620 482 835 535 premisso
874 485 1049 528 unionis
1089 491 1257 543 negotio
1303 506 1379 535 nos
1412 495 1710 548 Sigismundus
1750 513 1819 542 rex
1852 501 1972 555 longe

0 567 19 1012 ἑ
130 615 133 618 Δ
193 549 339 595 5ante
377 554 665 607 providentes
708 556 921 609 quosdam
958 559 1162 601 articulos
1202 562 1253 602 de
1294 566 1434 605 mente
1476 569 1621 609 nostra
1660 568 1862 611 formatos
1899 585 1973 613 sue

0 1022 13 1187 l

0 1197 15 1252 ἑ

235 624 462 667 sanctitati
497 625 890 678 destinaveramus,
929 630 981 670 de
1014 630 1169 683 quibus
1209 634 1403 675 articulis
1444 638 1487 677 et
1519 639 1797 691 responsione
1834 643 1974 695 papali

234 696 477 750 superinde
510 698 655 738 vestre
688 698 975 751 magnitudini
1008 703 1150 754 potuit
1182 703 1453 747 innotescere
1490 721 1565 761 per
1598 709 1835 751 Manuelem
1869 725 1975 752 nun-

235 766 398 823 cium2)
433 770 624 810 vestrum
656 770 762 810 tunc
793 770 855 811 ibi
885 774 1130 825 presentem
1163 775 1218 825 et,
1253 777 1299 816 ut
1332 775 1375 816 in
1408 777 1488 818 hiis
1520 780 1661 819 vestre
1694 780 1842 822 notitie
1874 782 1976 822 ube-

234 839 328 881 rius
370 839 536 881 clareat
578 841 807 892 certitudo,
852 842 1058 884 articulos
1097 843 1215 897 ipsos
1253 858 1350 887 cum
1392 849 1642 901 responsiva
1680 851 1833 891 summi
1872 865 1977 905 pon—

165 908 220 950 10
234 910 364 953 titicis
396 910 468 953 hic
500 910 683 953 fecimus
716 913 929 955 annotari.
943 913 979 969 3)

355 983 646 1026 Considerate
679 984 883 1038 denique,
916 984 1047 1026 frater
1080 987 1320 1037 carissime,
1365 1002 1493 1041 quam
1525 990 1607 1031 cito
1644 991 1821 1044 preterit
1852 992 1977 1033 huius

233 1055 388 1096 mundi
420 1054 572 1109 figura,
598 1068 730 1109 quam
763 1056 923 1107 subito,
947 1070 1078 1110 quam
1107 1057 1230 1099 facile
1262 1059 1450 1100 hominis
1482 1073 1687 1114 compago
1711 1062 1976 1104 dissolvitur!

233 1126 289 1168 Et
330 1126 367 1168 si
406 1126 663 1168 huiusmodi
706 1127 981 1180 propositum
1022 1128 1194 1170 unionis
1226 1131 1543 1184 assumpsistis,
1590 1134 1837 1173 constanter
1875 1133 1978 1173 illud

235 1198 279 1239 et
310 1197 444 1249 omni,
479 1211 566 1252 qua
598 1198 814 1252 poteritis,
848 1199 1091 1249 eeleritate,
1135 1201 1360 1242 actualiter
1396 1202 1717 1255 prosequamini
1750 1216 1825 1243 nec
1858 1202 1979 1255 spiri-

165 1269 329 1311 15tum
363 1271 455 1311 tam
478 1269 685 1311 salutaris
718 1269 1018 1323 inspirationis
1051 1270 1325 1323 extinguatis,
1358 1274 1407 1313 ut
1439 1272 1582 1313 unitas
1615 1272 1714 1313 fidei
1747 1273 1980 1313 orthodoxe

0 1373 6 1389 ἱ
233 1342 459 1395 omnema)
507 1341 712 1383 excludat
768 1341 1063 1383 diversitatem
1122 1354 1200 1382 nec
1246 1342 1353 1383 illud
1399 1344 1541 1383 vestre
1588 1342 1980 1395 circumspectionis

0 1438 7 1473 ἱ
233 1412 630 1454 considerationem
673 1410 951 1466 pretereatb),
984 1426 1114 1466 quam
1154 1413 1252 1463 late,
1286 1417 1457 1466 quam⁰)
1499 1413 1699 1454 habunde
1742 1413 1794 1453 ad
1834 1412 1980 1453 subiu-

0 1475 12 1527 ἶ
232 1484 400 1538 gandas
446 1484 690 1526 Turcorum
736 1484 852 1525 vires
899 1484 1092 1537 potentie
1143 1486 1285 1525 vestre
1331 1484 1597 1525 incrementa
1646 1484 1978 1531 succrescerent,

0 1547 8 1592 ἰ
234 1555 270 1597 si
301 1569 380 1597 vos
425 1556 506 1597 sub
549 1554 879 1596 christianitatis
920 1554 1021 1596 fidei
1061 1554 1224 1607 unitate
1262 1554 1405 1595 divina
1451 1554 1544 1595 fulti
1590 1553 1778 1607 potentia
1825 1551 1979 1593 nostris

0 1614 5 1636 ¹
160 1626 218 1667 20
235 1626 431 1670 brachiis
471 1628 514 1668 et
554 1627 740 1668 alioruin
782 1626 1118 1668 christianorum
1157 1625 1312 1666 auxilio
1352 1624 1631 1666 fulceremini.
1693 1623 1888 1664 Profecto
1929 1635 1978 1663 ex

239 1700 325 1742 hoc
354 1699 482 1741 vobis
515 1700 558 1740 et
580 1698 833 1751 temporalis
866 1697 1021 1750 fastigii
1045 1696 1232 1738 culmina
1262 1696 1537 1737 firmarentur
1569 1698 1610 1736 et
1633 1695 1686 1735 ab
1708 1693 1979 1734 infestatione

242 1772 489 1814 Tuscorum
520 1769 690 1811 facilius
724 1768 958 1822 imperium
989 1765 1220 1818 vestrumst)
1253 1767 1519 1808 liberaretur.

363 1842 451 1884 Sed
484 1840 682 1882 fortassis
707 1839 1030 1893 sollicitatore&
1060 1839 1230 1891 ydoneo
1263 1851 1349 1878 non
1373 1837 1660 1889 comparente,
1693 1834 1774 1875 ista
1801 1832 1978 1873 materia

230 1914 275 1956 in
309 1913 425 1955 dicto
459 1911 647 1954 concilio
682 1909 973 1964 diffe1·etur.4)
1035 1912 1193 1951 Verum
1234 1909 1269 1949 si
1301 1908 1429 1949 fuerit
1461 1907 1513 1947 de
1546 1895 1685 1947 vestra
1717 1904 1881 1944 firmata
1914 1902 1977 1942 in-

0 1978 7 2071 t
160 1983 216 2024 25
232 1985 481 2027 intentione
515 1983 724 2024 unionem
747 1981 998 2023 huiusmodi
1023 1981 1211 2022 finaliter
1242 1979 1453 2020 deducere
1487 1977 1540 2017 ad
1563 1975 1772 2023 effectum,
1805 1985 1977 2014 necesse

232 2056 313 2099 erit
345 2068 521 2097 rursum
554 2054 599 2095 in
633 2053 863 2095 concilium
902 2051 1103 2106 generale
1145 2054 1233 2092 tam
1266 2045 1579 2101 orientaliumf)
1617 2058 1745 2098 quam
1777 2042 1973 2083 occiden-

0 2094 10 2178 Ξ
230 2127 431 2182 taliumg)
464 2125 749 2167 ecclesiarum
781 2123 1053 2178 professores
1087 2134 1338 2163 convocare.
1391 2119 1443 2160 Et
1475 2116 1706 2159 dummodo
1727 2115 1871 2155 vestra
1894 2112 1975 2153 sra-

218 2199 410 2246 ternitas
449 2197 588 2240 aviset
628 2209 709 2237 nos
754 2194 992 2249 superinde
1036 2195 1078 2235 et
1120 2206 1206 2245 quo
1248 2193 1441 2244 tempore
1483 2190 1524 2229 et
1562 2187 1606 2228 in
1638 2198 1723 2238 quo
1756 2184 1847 2225 loco
1879 2195 1979 2222 con-

233 2270 379 2312 cilium
411 2269 615 2323 generale
655 2279 830 2309 rursum
869 2264 1078 2306 celebrari
1118 2262 1284 2304 velletis
1325 2262 1367 2302 et
1406 2260 1581 2313 possent
1620 2256 1671 2297 de
1708 2253 1899 2308 partibus
1937 2252 1978 2291 et

161 2339 218 2380 30
233 2341 429 2383 ecclesiis
463 2341 516 2382 de
549 2339 635 2380 ritu
668 2340 711 2380 et
743 2335 1026 2379 observancia
1049 2335 1285 2376 Grecorum
1317 2332 1370 2372 ad
1403 2329 1509 2371 illud
1534 2324 1775 2380 congregari
1807 2324 1847 2363 et
1879 2334 1977 2362 con-

185 2393 200 2406 *
231 2412 398 2463 venire,
430 2423 513 2452 nos
546 2423 646 2451 cum
677 2408 848 2463 prefato
889 2405 1161 2447 sanctissimo
1196 2403 1318 2456 patre
1351 2400 1524 2442 domino
1555 2397 1750 2438 Johanne
1782 2393 1905 2435 unico
1937 2392 1979 2431 et

350 2586 381 2620 a)
402 2585 490 2612 Fehlt
510 2585 558 2612 B‘.
605 2584 638 2618 b)
659 2583 806 2619 preterat
827 2583 874 2609 B‘.
921 2581 949 2615 c)
970 2581 1100 2613 tamque
1122 2578 1167 2604 B‘.
1214 2576 1244 2609 d)
1266 2574 1349 2601 Fehlt
1369 2575 1404 2600 B.
1458 2573 1484 2605 e)
1506 2568 1699 2597 solicitatori
1722 2569 1766 2595 B‘.
1810 2566 1833 2598 f)
1853 2565 1975 2597 origen-

232 2633 352 2662 talium
371 2633 421 2661 B‘.
458 2633 490 2667 g)
511 2639 609 2666 quam
630 2629 887 2659 occidentalium
906 2627 986 2662 fehlt
1007 2628 1043 2654 B.

356 2705 382 2749 ¹)
409 2703 669 2749 Ankrindiyuny
695 2702 756 2736 des
782 2699 978 2734 rb’misclzen
1004 2696 1148 2731 Konzils
1174 2706 1226 2727 am
1251 2692 1306 2726 29.
1334 2690 1438 2737 April
1462 2689 1560 2722 1414.

163 2764 219 2807 35
354 2764 382 2808 ⁹)
407 2762 554 2797 Manuel
581 2761 825 2808 Chrysoloras.

355 2823 383 2867 ³)
407 2822 538 2857 Leider
563 2821 643 2856 sind
664 2820 760 2855 diese
787 2818 970 2862 wiehtiyen
996 2813 1125 2849 Stiicke
1151 2811 1323 2846 verloren.
1621 2859 1630 2865 ‚
1702 2858 1707 2864 ¹
1838 2855 1844 2861 μ
1948 2852 1954 2859 ι

356 2882 384 2923 ⁴)
420 2880 668 2916 leatseielzlielz
705 2880 755 2914 ist
791 2878 844 2912 <lie
889 2874 1121 2919 Unionssraqe
1162 2869 1228 2915 (ms
1259 2868 1332 2901 dem
1368 2863 1557 2898 riimisclzen
1597 2858 1729 2923 lxonzul,
1770 2855 1879 2889 some!
1911 2863 1973 2885 wir

234 2942 374 2985 missen,
398 2940 497 2975 nicht
520 2942 678 2975 erb'rtert
702 2936 851 2971 worden.
903 2934 1074 2978 Dayeyen
1097 2926 1288 2974 versprach
1315 2925 1377 2958 der
1401 2922 1509 2966 Papst
1531 2918 1597 2963 auf
1615 2917 1668 2950 dte
1687 2913 1887 2977 Fordcrunq
1910 2910 1973 2974 def·

225 2988 508 3048 franziisiselzen
544 2993 970 3041 Universitc'itsqesandten
999 2990 1067 3032 Ιιίιι,
1106 2988 1180 3022 eine
1211 2982 1406 3026 Einladuny
1433 2979 1500 3024 siir
1532 2976 1594 3010 das
1630 2970 1817 3007 konnnemle
1849 2967 1974 3003 ΛοηιιΙ

163 3059 328 3108 40aucla
353 3071 400 3094 αιι
424 3058 480 3094 die
513 3056 689 3094 Griechen
713 3066 760 3090 zu
784 3052 922 3089 senden.
985 3047 1047 3099 Vql.
1074 3046 1160 3082 oben
1185 3043 1224 3079 S.
1250 3042 1319 3077 156
1341 3038 1407 3075 Nr.
1431 3036 1463 3075 3.
