<?xml version="1.0" encoding="UTF-8"?>
<!DOCTYPE html PUBLIC "-//W3C//DTD XHTML 1.0 Transitional//EN"
    "http://www.w3.org/TR/xhtml1/DTD/xhtml1-transitional.dtd">
<html xmlns="http://www.w3.org/1999/xhtml" xml:lang="en" lang="en">
 <head>
  <title>
</title>
<meta http-equiv="Content-Type" content="text/html;charset=utf-8" />
  <meta name='ocr-system' content='tesseract 3.04.00' />
  <meta name='ocr-capabilities' content='ocr_page ocr_carea ocr_par ocr_line ocrx_word'/>
</head>
<body>
  <div class='ocr_page' id='page_1' title='image "./actaconciliicons01counuoft_0075.png"; bbox 0 0 2216 3432; ppageno 0'>
   <div class='ocr_carea' id='block_1_1' title="bbox 0 2740 70 3430">
    <p class='ocr_par' dir='ltr' id='par_1_1' title="bbox 0 2740 70 3430">
     <span class='ocr_line' id='line_1_1' title="bbox 0 2740 70 3430; baseline 0 2"><span class='ocrx_word' id='word_1_1' title='bbox 0 2740 70 3430; x_wconf 95' lang='lat' dir='ltr'> </span> 
     </span>
    </p>
   </div>
   <div class='ocr_carea' id='block_1_2' title="bbox 0 0 215 171">
    <p class='ocr_par' dir='ltr' id='par_1_2' title="bbox 0 0 215 171">
     <span class='ocr_line' id='line_1_2' title="bbox 0 0 215 171; baseline 0 3261"><span class='ocrx_word' id='word_1_2' title='bbox 0 0 215 171; x_wconf 95' lang='lat' dir='ltr'> </span> 
     </span>
    </p>
   </div>
   <div class='ocr_carea' id='block_1_3' title="bbox 394 169 2012 229">
    <p class='ocr_par' dir='ltr' id='par_1_3' title="bbox 394 169 2012 229">
     <span class='ocr_line' id='line_1_3' title="bbox 394 169 2012 229; baseline -0.004 -10"><span class='ocrx_word' id='word_1_3' title='bbox 394 180 432 220; x_wconf 82' lang='lat' dir='ltr'>G.</span> <span class='ocrx_word' id='word_1_4' title='bbox 458 180 656 226; x_wconf 73' lang='lat' dir='ltr'>Mzssatesta,</span> <span class='ocrx_word' id='word_1_5' title='bbox 682 182 818 229; x_wconf 84' lang='lat' dir='ltr'>Gregor</span> <span class='ocrx_word' id='word_1_6' title='bbox 841 177 925 220; x_wconf 83' lang='lat' dir='ltr'>XII.</span> <span class='ocrx_word' id='word_1_7' title='bbox 949 183 1024 217; x_wconf 87' lang='lat' dir='ltr'>und</span> <span class='ocrx_word' id='word_1_8' title='bbox 1050 177 1227 217; x_wconf 82' lang='lat' dir='ltr'>Benedikt</span> <span class='ocrx_word' id='word_1_9' title='bbox 1251 178 1350 218; x_wconf 89' lang='lat' dir='ltr'>XlII.</span> <span class='ocrx_word' id='word_1_10' title='bbox 1380 183 1625 219; x_wconf 83' lang='lat'>1410—1413.</span> <span class='ocrx_word' id='word_1_11' title='bbox 1653 183 1713 219; x_wconf 88' lang='lat' dir='ltr'>Nr.</span> <span class='ocrx_word' id='word_1_12' title='bbox 1743 185 1797 220; x_wconf 91' lang='lat'>10.</span> <span class='ocrx_word' id='word_1_13' title='bbox 1961 169 2012 214; x_wconf 77' lang='lat'>(31</span> 
     </span>
    </p>
   </div>
   <div class='ocr_carea' id='block_1_4' title="bbox 165 289 2026 2419">
    <p class='ocr_par' dir='ltr' id='par_1_4' title="bbox 165 289 2026 2419">
     <span class='ocr_line' id='line_1_4' title="bbox 232 289 2017 347; baseline 0.001 -12"><span class='ocrx_word' id='word_1_14' title='bbox 232 292 411 336; x_wconf 87' lang='lat' dir='ltr'>domine</span> <span class='ocrx_word' id='word_1_15' title='bbox 444 291 600 335; x_wconf 86' lang='lat' dir='ltr'>Garsia</span> <span class='ocrx_word' id='word_1_16' title='bbox 640 292 694 334; x_wconf 91' lang='lat' dir='ltr'>de</span> <span class='ocrx_word' id='word_1_17' title='bbox 736 290 954 333; x_wconf 77' lang='lat' dir='ltr'><strong>Turribus</strong></span> <span class='ocrx_word' id='word_1_18' title='bbox 998 291 1052 332; x_wconf 91' lang='lat' dir='ltr'>de</span> <span class='ocrx_word' id='word_1_19' title='bbox 1087 290 1316 342; x_wconf 81' lang='lat' dir='ltr'>Valencia,</span> <span class='ocrx_word' id='word_1_20' title='bbox 1359 289 1451 344; x_wconf 87' lang='lat' dir='ltr'>qui,</span> <span class='ocrx_word' id='word_1_21' title='bbox 1492 292 1540 332; x_wconf 90' lang='lat' dir='ltr'>ut</span> <span class='ocrx_word' id='word_1_22' title='bbox 1578 290 1794 342; x_wconf 84' lang='lat' dir='ltr'>asseritis,</span> <span class='ocrx_word' id='word_1_23' title='bbox 1835 293 2017 347; x_wconf 88' lang='lat' dir='ltr'>plenum</span> 
     </span>
     <span class='ocr_line' id='line_1_5' title="bbox 230 361 2020 419; baseline 0 -12"><span class='ocrx_word' id='word_1_24' title='bbox 230 363 450 407; x_wconf 83' lang='lat' dir='ltr'>habuistis</span> <span class='ocrx_word' id='word_1_25' title='bbox 483 363 741 406; x_wconf 86' lang='lat' dir='ltr'>mandatum</span> <span class='ocrx_word' id='word_1_26' title='bbox 776 376 801 404; x_wconf 92' lang='lat' dir='ltr'>a</span> <span class='ocrx_word' id='word_1_27' title='bbox 834 361 953 403; x_wconf 89' lang='lat' dir='ltr'>dicto</span> <span class='ocrx_word' id='word_1_28' title='bbox 986 362 1166 403; x_wconf 89' lang='lat' dir='ltr'>domino</span> <span class='ocrx_word' id='word_1_29' title='bbox 1198 361 1443 404; x_wconf 81' lang='lat' dir='ltr'>Benedicto</span> <span class='ocrx_word' id='word_1_30' title='bbox 1482 362 1538 403; x_wconf 88' lang='lat' dir='ltr'>ad</span> <span class='ocrx_word' id='word_1_31' title='bbox 1570 363 1853 405; x_wconf 84' lang='lat' dir='ltr'>tractandum</span> <span class='ocrx_word' id='word_1_32' title='bbox 1886 378 2020 419; x_wconf 86' lang='lat' dir='ltr'>super</span> 
     </span>
     <span class='ocr_line' id='line_1_6' title="bbox 230 431 2017 490; baseline 0 -12"><span class='ocrx_word' id='word_1_33' title='bbox 230 434 581 490; x_wconf 85' lang='lat' dir='ltr'>reintegracione</span> <span class='ocrx_word' id='word_1_34' title='bbox 621 435 665 476; x_wconf 86' lang='lat' dir='ltr'>et</span> <span class='ocrx_word' id='word_1_35' title='bbox 707 433 871 475; x_wconf 87' lang='lat' dir='ltr'>unione</span> <span class='ocrx_word' id='word_1_36' title='bbox 911 431 1254 474; x_wconf 87' lang='lat' dir='ltr'>christianorum</span> <span class='ocrx_word' id='word_1_37' title='bbox 1303 433 1349 474; x_wconf 91' lang='lat' dir='ltr'>in</span> <span class='ocrx_word' id='word_1_38' title='bbox 1392 434 1563 475; x_wconf 89' lang='lat' dir='ltr'>unitate</span> <span class='ocrx_word' id='word_1_39' title='bbox 1606 436 1759 476; x_wconf 87' lang='lat' dir='ltr'>sancte</span> <span class='ocrx_word' id='word_1_40' title='bbox 1802 435 2017 478; x_wconf 85' lang='lat' dir='ltr'>katholice</span> 
     </span>
     <span class='ocr_line' id='line_1_7' title="bbox 231 503 2019 562; baseline 0 -12"><span class='ocrx_word' id='word_1_41' title='bbox 231 508 275 550; x_wconf 88' lang='lat' dir='ltr'>et</span> <span class='ocrx_word' id='word_1_42' title='bbox 317 506 557 562; x_wconf 86' lang='lat' dir='ltr'>apostolice</span> <span class='ocrx_word' id='word_1_43' title='bbox 605 504 804 555; x_wconf 75' lang='lat' dir='ltr'>ecclesie,</span> <span class='ocrx_word' id='word_1_44' title='bbox 838 503 1062 559; x_wconf 75' lang='lat' dir='ltr'>petivistis</span> <span class='ocrx_word' id='word_1_45' title='bbox 1109 503 1154 545; x_wconf 88' lang='lat' dir='ltr'>iu</span> <span class='ocrx_word' id='word_1_46' title='bbox 1194 505 1390 546; x_wconf 88' lang='lat' dir='ltr'>secunda</span> <span class='ocrx_word' id='word_1_47' title='bbox 1429 507 1474 547; x_wconf 86' lang='lat' dir='ltr'>et</span> <span class='ocrx_word' id='word_1_48' title='bbox 1515 505 1674 547; x_wconf 82' lang='lat' dir='ltr'>ultima</span> <span class='ocrx_word' id='word_1_49' title='bbox 1718 506 2019 550; x_wconf 87' lang='lat' dir='ltr'>collocucione</span> 
     </span>
     <span class='ocr_line' id='line_1_8' title="bbox 190 575 2020 630; baseline 0.001 -11"><span class='ocrx_word' id='word_1_50' title='bbox 190 578 347 621; x_wconf 88' lang='lat' dir='ltr'>5inte1·</span> <span class='ocrx_word' id='word_1_51' title='bbox 378 592 456 620; x_wconf 89' lang='lat' dir='ltr'>vos</span> <span class='ocrx_word' id='word_1_52' title='bbox 488 578 532 620; x_wconf 90' lang='lat' dir='ltr'>et</span> <span class='ocrx_word' id='word_1_53' title='bbox 566 591 636 619; x_wconf 88' lang='lat' dir='ltr'>me</span> <span class='ocrx_word' id='word_1_54' title='bbox 670 576 876 619; x_wconf 87' lang='lat' dir='ltr'>Carolum</span> <span class='ocrx_word' id='word_1_55' title='bbox 915 575 1070 617; x_wconf 87' lang='lat' dir='ltr'>habita</span> <span class='ocrx_word' id='word_1_56' title='bbox 1103 575 1299 617; x_wconf 84' lang='lat' dir='ltr'>exhiberi</span> <span class='ocrx_word' id='word_1_57' title='bbox 1338 576 1386 617; x_wconf 90' lang='lat' dir='ltr'>in</span> <span class='ocrx_word' id='word_1_58' title='bbox 1419 576 1595 630; x_wconf 87' lang='lat' dir='ltr'>scriptis</span> <span class='ocrx_word' id='word_1_59' title='bbox 1637 578 1905 620; x_wconf 88' lang='lat' dir='ltr'>raciocinata</span> <span class='ocrx_word' id='word_1_60' title='bbox 1938 594 2020 621; x_wconf 88' lang='lat' dir='ltr'>nec</span> 
     </span>
     <span class='ocr_line' id='line_1_9' title="bbox 233 646 2020 704; baseline 0 -12"><span class='ocrx_word' id='word_1_61' title='bbox 233 663 319 692; x_wconf 91' lang='lat' dir='ltr'>non</span> <span class='ocrx_word' id='word_1_62' title='bbox 355 649 712 704; x_wconf 60' lang='lat' dir='ltr'>raciocinandafl)</span> <span class='ocrx_word' id='word_1_63' title='bbox 756 661 838 701; x_wconf 91' lang='lat' dir='ltr'>pro</span> <span class='ocrx_word' id='word_1_64' title='bbox 871 646 1067 689; x_wconf 83' lang='lat' dir='ltr'>breviori</span> <span class='ocrx_word' id='word_1_65' title='bbox 1109 649 1154 688; x_wconf 86' lang='lat' dir='ltr'>et</span> <span class='ocrx_word' id='word_1_66' title='bbox 1186 646 1367 688; x_wconf 84' lang='lat' dir='ltr'>cerciori</span> <span class='ocrx_word' id='word_1_67' title='bbox 1406 649 1624 689; x_wconf 83' lang='lat' dir='ltr'>tractatus</span> <span class='ocrx_word' id='word_1_68' title='bbox 1657 650 1809 702; x_wconf 86' lang='lat' dir='ltr'>optata</span> <span class='ocrx_word' id='word_1_69' title='bbox 1841 652 2020 693; x_wconf 89' lang='lat' dir='ltr'>conclu-</span> 
     </span>
     <span class='ocr_line' id='line_1_10' title="bbox 233 718 2020 776; baseline 0.001 -13"><span class='ocrx_word' id='word_1_70' title='bbox 233 721 369 774; x_wconf 80' lang='lat' dir='ltr'>sione,</span> <span class='ocrx_word' id='word_1_71' title='bbox 402 722 640 775; x_wconf 88' lang='lat' dir='ltr'>propterea</span> <span class='ocrx_word' id='word_1_72' title='bbox 672 718 1021 768; x_wconf 17' lang='lat' dir='ltr'>volensyvestris</span> <span class='ocrx_word' id='word_1_73' title='bbox 1054 719 1273 760; x_wconf 84' lang='lat' dir='ltr'>assentire</span> <span class='ocrx_word' id='word_1_74' title='bbox 1307 718 1629 772; x_wconf 87' lang='lat' dir='ltr'>peticionibus,</span> <span class='ocrx_word' id='word_1_75' title='bbox 1662 720 1874 774; x_wconf 74' lang='lat' dir='ltr'>precipue</span> <span class='ocrx_word' id='word_1_76' title='bbox 1907 736 2020 776; x_wconf 89' lang='lat' dir='ltr'>quo-</span> 
     </span>
     <span class='ocr_line' id='line_1_11' title="bbox 233 789 2021 846; baseline 0.001 -11"><span class='ocrx_word' id='word_1_77' title='bbox 233 792 352 835; x_wconf 87' lang='lat' dir='ltr'>niam</span> <span class='ocrx_word' id='word_1_78' title='bbox 386 805 570 841; x_wconf 81' lang='lat' dir='ltr'>summe,</span> <span class='ocrx_word' id='word_1_79' title='bbox 614 792 833 845; x_wconf 88' lang='lat' dir='ltr'>quantum</span> <span class='ocrx_word' id='word_1_80' title='bbox 878 791 925 832; x_wconf 92' lang='lat' dir='ltr'>in</span> <span class='ocrx_word' id='word_1_81' title='bbox 958 804 1028 831; x_wconf 90' lang='lat' dir='ltr'>me</span> <span class='ocrx_word' id='word_1_82' title='bbox 1061 791 1141 841; x_wconf 86' lang='lat' dir='ltr'>est,</span> <span class='ocrx_word' id='word_1_83' title='bbox 1174 792 1281 844; x_wconf 92' lang='lat' dir='ltr'>opto</span> <span class='ocrx_word' id='word_1_84' title='bbox 1313 789 1358 830; x_wconf 86' lang='lat' dir='ltr'>in</span> <span class='ocrx_word' id='word_1_85' title='bbox 1392 790 1585 831; x_wconf 86' lang='lat' dir='ltr'>tractatu</span> <span class='ocrx_word' id='word_1_86' title='bbox 1618 791 1722 842; x_wconf 90' lang='lat' dir='ltr'>hoc,</span> <span class='ocrx_word' id='word_1_87' title='bbox 1766 791 1810 833; x_wconf 89' lang='lat' dir='ltr'>in</span> <span class='ocrx_word' id='word_1_88' title='bbox 1845 807 1933 846; x_wconf 88' lang='lat' dir='ltr'>quo</span> <span class='ocrx_word' id='word_1_89' title='bbox 1967 795 2021 836; x_wconf 89' lang='lat' dir='ltr'>de</span> 
     </span>
     <span class='ocr_line' id='line_1_12' title="bbox 234 860 2021 917; baseline 0.001 -11"><span class='ocrx_word' id='word_1_90' title='bbox 234 864 384 907; x_wconf 88' lang='lat' dir='ltr'>divina</span> <span class='ocrx_word' id='word_1_91' title='bbox 418 863 561 917; x_wconf 82' lang='lat' dir='ltr'>agitur</span> <span class='ocrx_word' id='word_1_92' title='bbox 596 876 730 905; x_wconf 86' lang='lat' dir='ltr'>causa</span> <span class='ocrx_word' id='word_1_93' title='bbox 761 863 804 904; x_wconf 88' lang='lat' dir='ltr'>in</span> <span class='ocrx_word' id='word_1_94' title='bbox 841 874 1005 916; x_wconf 83' lang='lat' dir='ltr'>sponsa</span> <span class='ocrx_word' id='word_1_95' title='bbox 1038 860 1153 912; x_wconf 85' lang='lat' dir='ltr'>eius,</span> <span class='ocrx_word' id='word_1_96' title='bbox 1188 860 1264 914; x_wconf 87' lang='lat' dir='ltr'>qui</span> <span class='ocrx_word' id='word_1_97' title='bbox 1297 861 1485 915; x_wconf 89' lang='lat' dir='ltr'>simplex</span> <span class='ocrx_word' id='word_1_98' title='bbox 1518 862 1682 904; x_wconf 83' lang='lat' dir='ltr'>veritas</span> <span class='ocrx_word' id='word_1_99' title='bbox 1716 866 1783 904; x_wconf 82' lang='lat' dir='ltr'>est</span> <span class='ocrx_word' id='word_1_100' title='bbox 1816 865 1858 905; x_wconf 79' lang='lat' dir='ltr'>et</span> <span class='ocrx_word' id='word_1_101' title='bbox 1892 865 2021 907; x_wconf 86' lang='lat' dir='ltr'>infal-</span> 
     </span>
     <span class='ocr_line' id='line_1_13' title="bbox 165 933 2021 988; baseline 0.001 -12"><span class='ocrx_word' id='word_1_102' title='bbox 165 936 366 978; x_wconf 87' lang='lat' dir='ltr'>10libilis</span> <span class='ocrx_word' id='word_1_103' title='bbox 400 949 516 987; x_wconf 84' lang='lat' dir='ltr'>vere,</span> <span class='ocrx_word' id='word_1_104' title='bbox 550 934 812 988; x_wconf 86' lang='lat' dir='ltr'>simpliciter</span> <span class='ocrx_word' id='word_1_105' title='bbox 846 934 892 974; x_wconf 87' lang='lat' dir='ltr'>et</span> <span class='ocrx_word' id='word_1_106' title='bbox 916 933 1085 986; x_wconf 88' lang='lat' dir='ltr'>absque</span> <span class='ocrx_word' id='word_1_107' title='bbox 1120 933 1220 973; x_wconf 89' lang='lat' dir='ltr'>dolo</span> <span class='ocrx_word' id='word_1_108' title='bbox 1251 933 1477 986; x_wconf 84' lang='lat' dir='ltr'>prosequi,</span> <span class='ocrx_word' id='word_1_109' title='bbox 1511 934 1637 975; x_wconf 78' lang='lat' dir='ltr'>vobis</span> <span class='ocrx_word' id='word_1_110' title='bbox 1671 935 1862 987; x_wconf 82' lang='lat' dir='ltr'>quedam</span> <span class='ocrx_word' id='word_1_111' title='bbox 1887 937 2021 978; x_wconf 86' lang='lat' dir='ltr'>dubia</span> 
     </span>
     <span class='ocr_line' id='line_1_14' title="bbox 233 1003 2018 1060; baseline -0.001 -10"><span class='ocrx_word' id='word_1_112' title='bbox 233 1006 509 1059; x_wconf 83' lang='lat' dir='ltr'>emergencia</span> <span class='ocrx_word' id='word_1_113' title='bbox 556 1006 674 1047; x_wconf 86' lang='lat' dir='ltr'>circa</span> <span class='ocrx_word' id='word_1_114' title='bbox 716 1005 853 1058; x_wconf 83' lang='lat' dir='ltr'>illud,</span> <span class='ocrx_word' id='word_1_115' title='bbox 902 1005 1021 1058; x_wconf 92' lang='lat' dir='ltr'>quod</span> <span class='ocrx_word' id='word_1_116' title='bbox 1071 1003 1276 1046; x_wconf 85' lang='lat' dir='ltr'>dominus</span> <span class='ocrx_word' id='word_1_117' title='bbox 1324 1006 1472 1045; x_wconf 83' lang='lat' dir='ltr'>vester</span> <span class='ocrx_word' id='word_1_118' title='bbox 1519 1006 1696 1047; x_wconf 83' lang='lat' dir='ltr'>videtur</span> <span class='ocrx_word' id='word_1_119' title='bbox 1745 1009 1924 1060; x_wconf 85' lang='lat' dir='ltr'>optare,</span> <span class='ocrx_word' id='word_1_120' title='bbox 1974 1011 2018 1050; x_wconf 80' lang='lat' dir='ltr'>ut</span> 
     </span>
     <span class='ocr_line' id='line_1_15' title="bbox 202 1069 2019 1133; baseline 0.001 -13"><span class='ocrx_word' id='word_1_121' title='bbox 202 1069 205 1071; x_wconf 50' lang='grc'><strong>’</strong></span> <span class='ocrx_word' id='word_1_122' title='bbox 234 1078 437 1133; x_wconf 90' lang='lat' dir='ltr'>apercius</span> <span class='ocrx_word' id='word_1_123' title='bbox 471 1077 736 1131; x_wconf 80' lang='lat' dir='ltr'>faciliusque</span> <span class='ocrx_word' id='word_1_124' title='bbox 774 1075 937 1119; x_wconf 84' lang='lat' dir='ltr'>auditis</span> <span class='ocrx_word' id='word_1_125' title='bbox 971 1075 1130 1118; x_wconf 84' lang='lat' dir='ltr'>vestris</span> <span class='ocrx_word' id='word_1_126' title='bbox 1170 1076 1536 1131; x_wconf 74' lang='lat' dir='ltr'>responsionibus</span> <span class='ocrx_word' id='word_1_127' title='bbox 1576 1077 1757 1130; x_wconf 88' lang='lat' dir='ltr'>procedi</span> <span class='ocrx_word' id='word_1_128' title='bbox 1797 1079 1944 1121; x_wconf 83' lang='lat' dir='ltr'>valeat</span> <span class='ocrx_word' id='word_1_129' title='bbox 1976 1079 2019 1120; x_wconf 87' lang='lat' dir='ltr'>in</span> 
     </span>
     <span class='ocr_line' id='line_1_16' title="bbox 233 1147 2022 1204; baseline 0 -12"><span class='ocrx_word' id='word_1_130' title='bbox 233 1151 425 1192; x_wconf 86' lang='lat' dir='ltr'>tractatu</span> <span class='ocrx_word' id='word_1_131' title='bbox 464 1148 667 1202; x_wconf 89' lang='lat' dir='ltr'>predicto</span> <span class='ocrx_word' id='word_1_132' title='bbox 714 1150 757 1190; x_wconf 86' lang='lat' dir='ltr'>et</span> <span class='ocrx_word' id='word_1_133' title='bbox 796 1149 976 1190; x_wconf 88' lang='lat' dir='ltr'>domino</span> <span class='ocrx_word' id='word_1_134' title='bbox 1010 1147 1197 1190; x_wconf 78' lang='lat' dir='ltr'>faciente</span> <span class='ocrx_word' id='word_1_135' title='bbox 1236 1149 1465 1190; x_wconf 89' lang='lat' dir='ltr'>concludi:</span> <span class='ocrx_word' id='word_1_136' title='bbox 1509 1161 1610 1189; x_wconf 89' lang='lat' dir='ltr'>ecce</span> <span class='ocrx_word' id='word_1_137' title='bbox 1651 1148 1697 1189; x_wconf 92' lang='lat' dir='ltr'>in</span> <span class='ocrx_word' id='word_1_138' title='bbox 1737 1149 1915 1204; x_wconf 88' lang='lat' dir='ltr'>scriptis</span> <span class='ocrx_word' id='word_1_139' title='bbox 1948 1165 2022 1192; x_wconf 88' lang='lat' dir='ltr'>ex-</span> 
     </span>
     <span class='ocr_line' id='line_1_17' title="bbox 233 1218 2021 1275; baseline 0 -12"><span class='ocrx_word' id='word_1_140' title='bbox 233 1222 378 1264; x_wconf 90' lang='lat' dir='ltr'>hibeo.</span> <span class='ocrx_word' id='word_1_141' title='bbox 443 1219 662 1271; x_wconf 78' lang='lat' dir='ltr'>Quoniam</span> <span class='ocrx_word' id='word_1_142' title='bbox 706 1220 760 1261; x_wconf 92' lang='lat' dir='ltr'>de</span> <span class='ocrx_word' id='word_1_143' title='bbox 802 1218 1020 1261; x_wconf 78' lang='lat' dir='ltr'>electione</span> <span class='ocrx_word' id='word_1_144' title='bbox 1061 1218 1177 1262; x_wconf 86' lang='lat' dir='ltr'>sacta</span> <span class='ocrx_word' id='word_1_145' title='bbox 1220 1233 1309 1262; x_wconf 87' lang='lat' dir='ltr'>non</span> <span class='ocrx_word' id='word_1_146' title='bbox 1350 1222 1416 1261; x_wconf 89' lang='lat' dir='ltr'>est</span> <span class='ocrx_word' id='word_1_147' title='bbox 1460 1220 1652 1274; x_wconf 85' lang='lat' dir='ltr'>amplius</span> <span class='ocrx_word' id='word_1_148' title='bbox 1684 1222 2021 1275; x_wconf 81' lang='lat' dir='ltr'>consulendum,</span> 
     </span>
     <span class='ocr_line' id='line_1_18' title="bbox 167 1290 2022 1345; baseline 0.001 -12"><span class='ocrx_word' id='word_1_149' title='bbox 167 1291 218 1334; x_wconf 86' lang='lat'>15</span> <span class='ocrx_word' id='word_1_150' title='bbox 235 1294 303 1335; x_wconf 87' lang='lat' dir='ltr'>set</span> <span class='ocrx_word' id='word_1_151' title='bbox 337 1293 390 1334; x_wconf 93' lang='lat' dir='ltr'>de</span> <span class='ocrx_word' id='word_1_152' title='bbox 425 1291 524 1343; x_wconf 79' lang='lat' dir='ltr'>hiis,</span> <span class='ocrx_word' id='word_1_153' title='bbox 557 1305 644 1345; x_wconf 91' lang='lat' dir='ltr'>que</span> <span class='ocrx_word' id='word_1_154' title='bbox 678 1291 733 1333; x_wconf 92' lang='lat' dir='ltr'>ad</span> <span class='ocrx_word' id='word_1_155' title='bbox 767 1291 1061 1333; x_wconf 86' lang='lat' dir='ltr'>deliberatum</span> <span class='ocrx_word' id='word_1_156' title='bbox 1093 1290 1227 1332; x_wconf 87' lang='lat' dir='ltr'>finem</span> <span class='ocrx_word' id='word_1_157' title='bbox 1260 1291 1437 1345; x_wconf 78' lang='lat' dir='ltr'>apciora</span> <span class='ocrx_word' id='word_1_158' title='bbox 1470 1291 1613 1333; x_wconf 85' lang='lat' dir='ltr'>media</span> <span class='ocrx_word' id='word_1_159' title='bbox 1647 1293 1770 1344; x_wconf 85' lang='lat' dir='ltr'>sunt,</span> <span class='ocrx_word' id='word_1_160' title='bbox 1815 1293 2022 1335; x_wconf 81' lang='lat' dir='ltr'>domiuus</span> 
     </span>
     <span class='ocr_line' id='line_1_19' title="bbox 236 1360 2021 1418; baseline 0.001 -12"><span class='ocrx_word' id='word_1_161' title='bbox 236 1363 473 1418; x_wconf 82' lang='lat' dir='ltr'>Gregorius</span> <span class='ocrx_word' id='word_1_162' title='bbox 507 1362 655 1405; x_wconf 86' lang='lat' dir='ltr'>divino</span> <span class='ocrx_word' id='word_1_163' title='bbox 697 1362 949 1417; x_wconf 68' lang='lat' dir='ltr'>inspirante</span> <span class='ocrx_word' id='word_1_164' title='bbox 993 1361 1153 1416; x_wconf 88' lang='lat' dir='ltr'>spiritu</span> <span class='ocrx_word' id='word_1_165' title='bbox 1187 1360 1364 1418; x_wconf 70' lang='lat' dir='ltr'>elegitb)</span> <span class='ocrx_word' id='word_1_166' title='bbox 1402 1365 1445 1404; x_wconf 90' lang='lat' dir='ltr'>et</span> <span class='ocrx_word' id='word_1_167' title='bbox 1479 1363 1758 1415; x_wconf 77' lang='lat' dir='ltr'>deliberavit,</span> <span class='ocrx_word' id='word_1_168' title='bbox 1804 1368 2021 1418; x_wconf 88' lang='lat' dir='ltr'>quantum</span> 
     </span>
     <span class='ocr_line' id='line_1_20' title="bbox 235 1433 2023 1489; baseline 0.001 -12"><span class='ocrx_word' id='word_1_169' title='bbox 235 1436 280 1478; x_wconf 92' lang='lat' dir='ltr'>in</span> <span class='ocrx_word' id='word_1_170' title='bbox 313 1448 364 1477; x_wconf 93' lang='lat' dir='ltr'>eo</span> <span class='ocrx_word' id='word_1_171' title='bbox 397 1437 477 1487; x_wconf 89' lang='lat' dir='ltr'>est,</span> <span class='ocrx_word' id='word_1_172' title='bbox 510 1434 717 1487; x_wconf 87' lang='lat' dir='ltr'>tractare,</span> <span class='ocrx_word' id='word_1_173' title='bbox 757 1433 968 1488; x_wconf 87' lang='lat' dir='ltr'>prosequi</span> <span class='ocrx_word' id='word_1_174' title='bbox 1011 1436 1055 1475; x_wconf 88' lang='lat' dir='ltr'>et</span> <span class='ocrx_word' id='word_1_175' title='bbox 1089 1434 1268 1476; x_wconf 89' lang='lat' dir='ltr'>domino</span> <span class='ocrx_word' id='word_1_176' title='bbox 1302 1434 1493 1477; x_wconf 82' lang='lat' dir='ltr'>faciente</span> <span class='ocrx_word' id='word_1_177' title='bbox 1536 1437 1581 1477; x_wconf 87' lang='lat' dir='ltr'>et</span> <span class='ocrx_word' id='word_1_178' title='bbox 1613 1438 1885 1489; x_wconf 84' lang='lat' dir='ltr'>cooperante</span> <span class='ocrx_word' id='word_1_179' title='bbox 1917 1450 2023 1479; x_wconf 84' lang='lat' dir='ltr'>con-</span> 
     </span>
     <span class='ocr_line' id='line_1_21' title="bbox 236 1505 2021 1562; baseline 0.001 -13"><span class='ocrx_word' id='word_1_180' title='bbox 236 1508 415 1549; x_wconf 86' lang='lat' dir='ltr'>cludere</span> <span class='ocrx_word' id='word_1_181' title='bbox 448 1506 844 1560; x_wconf 84' lang='lat' dir='ltr'>reintegracionem</span> <span class='ocrx_word' id='word_1_182' title='bbox 877 1507 920 1546; x_wconf 91' lang='lat' dir='ltr'>et</span> <span class='ocrx_word' id='word_1_183' title='bbox 952 1505 1162 1546; x_wconf 86' lang='lat' dir='ltr'>unionem</span> <span class='ocrx_word' id='word_1_184' title='bbox 1181 1505 1523 1548; x_wconf 88' lang='lat' dir='ltr'>christianorum</span> <span class='ocrx_word' id='word_1_185' title='bbox 1563 1506 1608 1547; x_wconf 86' lang='lat' dir='ltr'>in</span> <span class='ocrx_word' id='word_1_186' title='bbox 1653 1507 1822 1549; x_wconf 88' lang='lat' dir='ltr'>unitate</span> <span class='ocrx_word' id='word_1_187' title='bbox 1856 1511 2021 1562; x_wconf 88' lang='lat' dir='ltr'>sancte,</span> 
     </span>
     <span class='ocr_line' id='line_1_22' title="bbox 236 1576 2022 1633; baseline 0.001 -13"><span class='ocrx_word' id='word_1_188' title='bbox 236 1578 458 1621; x_wconf 87' lang='lat' dir='ltr'>katholice</span> <span class='ocrx_word' id='word_1_189' title='bbox 491 1579 535 1619; x_wconf 85' lang='lat' dir='ltr'>et</span> <span class='ocrx_word' id='word_1_190' title='bbox 558 1576 801 1631; x_wconf 86' lang='lat' dir='ltr'>apostolice</span> <span class='ocrx_word' id='word_1_191' title='bbox 835 1577 1020 1618; x_wconf 87' lang='lat' dir='ltr'>ecclesie</span> <span class='ocrx_word' id='word_1_192' title='bbox 1053 1589 1135 1630; x_wconf 91' lang='lat' dir='ltr'>per</span> <span class='ocrx_word' id='word_1_193' title='bbox 1158 1590 1334 1619; x_wconf 90' lang='lat' dir='ltr'>omnem</span> <span class='ocrx_word' id='word_1_194' title='bbox 1357 1578 1471 1619; x_wconf 85' lang='lat' dir='ltr'>viam</span> <span class='ocrx_word' id='word_1_195' title='bbox 1498 1578 1827 1631; x_wconf 82' lang='lat' dir='ltr'>racionabilem,</span> <span class='ocrx_word' id='word_1_196' title='bbox 1862 1593 2022 1633; x_wconf 81' lang='lat' dir='ltr'>equam</span> 
     </span>
     <span class='ocr_line' id='line_1_23' title="bbox 167 1647 2023 1706; baseline 0.001 -16"><span class='ocrx_word' id='word_1_197' title='bbox 167 1650 223 1690; x_wconf 66' lang='grc' dir='ltr'>ΞΟ</span> <span class='ocrx_word' id='word_1_198' title='bbox 238 1651 282 1692; x_wconf 89' lang='lat' dir='ltr'>et</span> <span class='ocrx_word' id='word_1_199' title='bbox 313 1649 612 1700; x_wconf 83' lang='lat' dir='ltr'>caritativam3</span> <span class='ocrx_word' id='word_1_200' title='bbox 654 1649 698 1690; x_wconf 92' lang='lat' dir='ltr'>et</span> <span class='ocrx_word' id='word_1_201' title='bbox 730 1661 808 1689; x_wconf 88' lang='lat' dir='ltr'>vos</span> <span class='ocrx_word' id='word_1_202' title='bbox 842 1647 1071 1689; x_wconf 89' lang='lat' dir='ltr'>dominum</span> <span class='ocrx_word' id='word_1_203' title='bbox 1104 1649 1305 1689; x_wconf 87' lang='lat' dir='ltr'>vestrum</span> <span class='ocrx_word' id='word_1_204' title='bbox 1344 1648 1516 1690; x_wconf 86' lang='lat' dir='ltr'>dixistis</span> <span class='ocrx_word' id='word_1_205' title='bbox 1550 1649 1748 1691; x_wconf 89' lang='lat' dir='ltr'>eiusdem</span> <span class='ocrx_word' id='word_1_206' title='bbox 1788 1664 1886 1692; x_wconf 88' lang='lat' dir='ltr'>esse</span> <span class='ocrx_word' id='word_1_207' title='bbox 1919 1665 2023 1706; x_wconf 87' lang='lat' dir='ltr'>pro-</span> 
     </span>
     <span class='ocr_line' id='line_1_24' title="bbox 237 1718 2023 1775; baseline 0.001 -13"><span class='ocrx_word' id='word_1_208' title='bbox 237 1720 394 1775; x_wconf 86' lang='lat' dir='ltr'>positi,</span> <span class='ocrx_word' id='word_1_209' title='bbox 435 1719 551 1761; x_wconf 83' lang='lat' dir='ltr'>circa</span> <span class='ocrx_word' id='word_1_210' title='bbox 593 1718 854 1761; x_wconf 87' lang='lat' dir='ltr'>electionem</span> <span class='ocrx_word' id='word_1_211' title='bbox 901 1719 988 1760; x_wconf 89' lang='lat' dir='ltr'>iam</span> <span class='ocrx_word' id='word_1_212' title='bbox 1030 1718 1190 1760; x_wconf 86' lang='lat' dir='ltr'>factam</span> <span class='ocrx_word' id='word_1_213' title='bbox 1234 1720 1276 1760; x_wconf 85' lang='lat' dir='ltr'>et</span> <span class='ocrx_word' id='word_1_214' title='bbox 1318 1719 1544 1761; x_wconf 81' lang='lat' dir='ltr'>firmatum</span> <span class='ocrx_word' id='word_1_215' title='bbox 1592 1721 1871 1775; x_wconf 89' lang='lat' dir='ltr'>propositum</span> <span class='ocrx_word' id='word_1_216' title='bbox 1919 1737 2023 1765; x_wconf 88' lang='lat' dir='ltr'>cou-</span> 
     </span>
     <span class='ocr_line' id='line_1_25' title="bbox 238 1789 2023 1846; baseline 0.002 -13"><span class='ocrx_word' id='word_1_217' title='bbox 238 1791 376 1834; x_wconf 86' lang='lat' dir='ltr'>siliari</span> <span class='ocrx_word' id='word_1_218' title='bbox 410 1791 687 1844; x_wconf 85' lang='lat' dir='ltr'>superfluum</span> <span class='ocrx_word' id='word_1_219' title='bbox 709 1790 898 1841; x_wconf 87' lang='lat' dir='ltr'>videtur,</span> <span class='ocrx_word' id='word_1_220' title='bbox 933 1803 1088 1831; x_wconf 87' lang='lat' dir='ltr'>verum</span> <span class='ocrx_word' id='word_1_221' title='bbox 1121 1789 1239 1832; x_wconf 90' lang='lat' dir='ltr'>circa</span> <span class='ocrx_word' id='word_1_222' title='bbox 1260 1791 1408 1833; x_wconf 87' lang='lat' dir='ltr'>media</span> <span class='ocrx_word' id='word_1_223' title='bbox 1440 1792 1496 1833; x_wconf 91' lang='lat' dir='ltr'>ad</span> <span class='ocrx_word' id='word_1_224' title='bbox 1528 1792 1647 1833; x_wconf 87' lang='lat' dir='ltr'>hunc</span> <span class='ocrx_word' id='word_1_225' title='bbox 1675 1792 1810 1834; x_wconf 88' lang='lat' dir='ltr'>finem</span> <span class='ocrx_word' id='word_1_226' title='bbox 1843 1794 2023 1846; x_wconf 84' lang='lat' dir='ltr'>apciora</span> 
     </span>
     <span class='ocr_line' id='line_1_26' title="bbox 238 1860 2023 1918; baseline 0.001 -13"><span class='ocrx_word' id='word_1_227' title='bbox 238 1863 349 1905; x_wconf 88' lang='lat' dir='ltr'>utile</span> <span class='ocrx_word' id='word_1_228' title='bbox 383 1864 427 1904; x_wconf 91' lang='lat' dir='ltr'>et</span> <span class='ocrx_word' id='word_1_229' title='bbox 460 1864 745 1917; x_wconf 84' lang='lat' dir='ltr'>oportunum.</span> <span class='ocrx_word' id='word_1_230' title='bbox 809 1861 865 1902; x_wconf 83' lang='lat' dir='ltr'>Et</span> <span class='ocrx_word' id='word_1_231' title='bbox 897 1860 1000 1914; x_wconf 92' lang='lat' dir='ltr'>quia</span> <span class='ocrx_word' id='word_1_232' title='bbox 1031 1862 1208 1903; x_wconf 86' lang='lat' dir='ltr'>videtur</span> <span class='ocrx_word' id='word_1_233' title='bbox 1247 1861 1381 1904; x_wconf 89' lang='lat' dir='ltr'>michi</span> <span class='ocrx_word' id='word_1_234' title='bbox 1415 1862 1572 1904; x_wconf 88' lang='lat' dir='ltr'>Carolo</span> <span class='ocrx_word' id='word_1_235' title='bbox 1604 1865 1694 1905; x_wconf 89' lang='lat' dir='ltr'>tam</span> <span class='ocrx_word' id='word_1_236' title='bbox 1727 1877 1807 1918; x_wconf 89' lang='lat' dir='ltr'>per</span> <span class='ocrx_word' id='word_1_237' title='bbox 1840 1865 2023 1907; x_wconf 86' lang='lat' dir='ltr'>relacio-</span> 
     </span>
     <span class='ocr_line' id='line_1_27' title="bbox 238 1932 2023 1988; baseline 0.001 -12"><span class='ocrx_word' id='word_1_238' title='bbox 238 1948 318 1976; x_wconf 90' lang='lat' dir='ltr'>nes</span> <span class='ocrx_word' id='word_1_239' title='bbox 351 1933 398 1976; x_wconf 90' lang='lat' dir='ltr'>in</span> <span class='ocrx_word' id='word_1_240' title='bbox 431 1933 610 1988; x_wconf 82' lang='lat' dir='ltr'>scriptis</span> <span class='ocrx_word' id='word_1_241' title='bbox 644 1946 776 1986; x_wconf 89' lang='lat' dir='ltr'>quam</span> <span class='ocrx_word' id='word_1_242' title='bbox 812 1932 953 1974; x_wconf 86' lang='lat' dir='ltr'>dictas</span> <span class='ocrx_word' id='word_1_243' title='bbox 996 1946 1072 1974; x_wconf 88' lang='lat' dir='ltr'>ore</span> <span class='ocrx_word' id='word_1_244' title='bbox 1112 1946 1192 1986; x_wconf 91' lang='lat' dir='ltr'>per</span> <span class='ocrx_word' id='word_1_245' title='bbox 1223 1946 1302 1975; x_wconf 81' lang='lat' dir='ltr'>vos</span> <span class='ocrx_word' id='word_1_246' title='bbox 1336 1933 1563 1976; x_wconf 87' lang='lat' dir='ltr'>dominum</span> <span class='ocrx_word' id='word_1_247' title='bbox 1599 1934 1822 1987; x_wconf 87' lang='lat' dir='ltr'>Garsiam,</span> <span class='ocrx_word' id='word_1_248' title='bbox 1863 1936 2023 1978; x_wconf 88' lang='lat' dir='ltr'>deinde</span> 
     </span>
     <span class='ocr_line' id='line_1_28' title="bbox 166 1994 2022 2063; baseline 0.002 -18"><span class='ocrx_word' id='word_1_249' title='bbox 166 2005 317 2060; x_wconf 74' lang='lat' dir='ltr'>25p01·</span> <span class='ocrx_word' id='word_1_250' title='bbox 358 2005 576 2047; x_wconf 88' lang='lat' dir='ltr'>Theolum</span> <span class='ocrx_word' id='word_1_251' title='bbox 625 2017 799 2046; x_wconf 89' lang='lat' dir='ltr'>necnon</span> <span class='ocrx_word' id='word_1_252' title='bbox 846 2017 927 2058; x_wconf 89' lang='lat' dir='ltr'>per</span> <span class='ocrx_word' id='word_1_253' title='bbox 970 2004 1268 2046; x_wconf 87' lang='lat' dir='ltr'>venerabilem</span> <span class='ocrx_word' id='word_1_254' title='bbox 1312 2004 1507 2058; x_wconf 84' lang='lat' dir='ltr'>priorem</span> <span class='ocrx_word' id='word_1_255' title='bbox 1547 1994 1690 2047; x_wconf 81' lang='lat' dir='ltr'>sancti</span> <span class='ocrx_word' id='word_1_256' title='bbox 1736 2007 2022 2063; x_wconf 83' lang='lat' dir='ltr'>Maximini¹&gt;,</span> 
     </span>
     <span class='ocr_line' id='line_1_29' title="bbox 238 2075 2024 2132; baseline 0.001 -13"><span class='ocrx_word' id='word_1_257' title='bbox 238 2076 439 2131; x_wconf 75' lang='lat' dir='ltr'>quamvis</span> <span class='ocrx_word' id='word_1_258' title='bbox 472 2089 563 2118; x_wconf 89' lang='lat' dir='ltr'>non</span> <span class='ocrx_word' id='word_1_259' title='bbox 595 2075 864 2129; x_wconf 82' lang='lat' dir='ltr'>expresserit</span> <span class='ocrx_word' id='word_1_260' title='bbox 908 2089 955 2117; x_wconf 91' lang='lat' dir='ltr'>se</span> <span class='ocrx_word' id='word_1_261' title='bbox 994 2076 1050 2117; x_wconf 88' lang='lat' dir='ltr'>ad</span> <span class='ocrx_word' id='word_1_262' title='bbox 1092 2076 1175 2118; x_wconf 91' lang='lat' dir='ltr'>hoc</span> <span class='ocrx_word' id='word_1_263' title='bbox 1216 2076 1427 2118; x_wconf 85' lang='lat' dir='ltr'>habuisse</span> <span class='ocrx_word' id='word_1_264' title='bbox 1469 2077 1755 2130; x_wconf 87' lang='lat' dir='ltr'>mandatum,</span> <span class='ocrx_word' id='word_1_265' title='bbox 1795 2079 1913 2132; x_wconf 90' lang='lat' dir='ltr'>quod</span> <span class='ocrx_word' id='word_1_266' title='bbox 1947 2080 2024 2121; x_wconf 94' lang='lat' dir='ltr'>do-</span> 
     </span>
     <span class='ocr_line' id='line_1_30' title="bbox 237 2147 2024 2202; baseline 0.002 -13"><span class='ocrx_word' id='word_1_267' title='bbox 237 2148 385 2189; x_wconf 89' lang='lat' dir='ltr'>minus</span> <span class='ocrx_word' id='word_1_268' title='bbox 425 2150 574 2189; x_wconf 88' lang='lat' dir='ltr'>vester</span> <span class='ocrx_word' id='word_1_269' title='bbox 611 2147 720 2188; x_wconf 90' lang='lat' dir='ltr'>utile</span> <span class='ocrx_word' id='word_1_270' title='bbox 765 2147 810 2188; x_wconf 92' lang='lat' dir='ltr'>et</span> <span class='ocrx_word' id='word_1_271' title='bbox 851 2148 1124 2200; x_wconf 88' lang='lat' dir='ltr'>oportunum</span> <span class='ocrx_word' id='word_1_272' title='bbox 1163 2148 1293 2201; x_wconf 87' lang='lat' dir='ltr'>putat</span> <span class='ocrx_word' id='word_1_273' title='bbox 1338 2148 1394 2189; x_wconf 91' lang='lat' dir='ltr'>ad</span> <span class='ocrx_word' id='word_1_274' title='bbox 1434 2149 1738 2201; x_wconf 84' lang='lat' dir='ltr'>exequendam</span> <span class='ocrx_word' id='word_1_275' title='bbox 1776 2150 2024 2202; x_wconf 86' lang='lat' dir='ltr'>predictam</span> 
     </span>
     <span class='ocr_line' id='line_1_31' title="bbox 238 2217 2024 2276; baseline 0.002 -15"><span class='ocrx_word' id='word_1_276' title='bbox 238 2218 569 2261; x_wconf 89' lang='lat' dir='ltr'>conclusionem</span> <span class='ocrx_word' id='word_1_277' title='bbox 588 2218 815 2260; x_wconf 85' lang='lat' dir='ltr'>dominum</span> <span class='ocrx_word' id='word_1_278' title='bbox 840 2217 1100 2272; x_wconf 84' lang='lat' dir='ltr'>Gregorium</span> <span class='ocrx_word' id='word_1_279' title='bbox 1133 2231 1286 2260; x_wconf 90' lang='lat' dir='ltr'>secum</span> <span class='ocrx_word' id='word_1_280' title='bbox 1308 2219 1545 2261; x_wconf 85' lang='lat' dir='ltr'>convenire</span> <span class='ocrx_word' id='word_1_281' title='bbox 1578 2221 1890 2274; x_wconf 85' lang='lat' dir='ltr'>personaliter,</span> <span class='ocrx_word' id='word_1_282' title='bbox 1916 2235 2024 2276; x_wconf 89' lang='lat' dir='ltr'>que-</span> 
     </span>
     <span class='ocr_line' id='line_1_32' title="bbox 239 2288 2024 2345; baseline 0.002 -14"><span class='ocrx_word' id='word_1_283' title='bbox 239 2289 350 2332; x_wconf 83' lang='lat' dir='ltr'>ritur</span> <span class='ocrx_word' id='word_1_284' title='bbox 380 2289 543 2344; x_wconf 87' lang='lat' dir='ltr'>primo:</span> <span class='ocrx_word' id='word_1_285' title='bbox 582 2290 744 2343; x_wconf 89' lang='lat' dir='ltr'>quibus</span> <span class='ocrx_word' id='word_1_286' title='bbox 778 2288 1029 2331; x_wconf 89' lang='lat' dir='ltr'>racionibus</span> <span class='ocrx_word' id='word_1_287' title='bbox 1072 2291 1201 2343; x_wconf 87' lang='lat' dir='ltr'>putat</span> <span class='ocrx_word' id='word_1_288' title='bbox 1240 2290 1448 2332; x_wconf 85' lang='lat' dir='ltr'>dominus</span> <span class='ocrx_word' id='word_1_289' title='bbox 1491 2293 1635 2332; x_wconf 85' lang='lat' dir='ltr'>vester</span> <span class='ocrx_word' id='word_1_290' title='bbox 1674 2292 1919 2345; x_wconf 86' lang='lat' dir='ltr'>predictam</span> <span class='ocrx_word' id='word_1_291' title='bbox 1956 2307 2024 2334; x_wconf 79' lang='lat' dir='ltr'>re-</span> 
     </span>
     <span class='ocr_line' id='line_1_33' title="bbox 168 2359 2026 2419; baseline 0.002 -18"><span class='ocrx_word' id='word_1_292' title='bbox 168 2360 224 2402; x_wconf 88' lang='lat'>30</span> <span class='ocrx_word' id='word_1_293' title='bbox 239 2360 589 2414; x_wconf 84' lang='lat' dir='ltr'>integracionem</span> <span class='ocrx_word' id='word_1_294' title='bbox 622 2362 721 2413; x_wconf 57' lang='lat' dir='ltr'>etc„</span> <span class='ocrx_word' id='word_1_295' title='bbox 755 2362 804 2402; x_wconf 91' lang='lat' dir='ltr'>ut</span> <span class='ocrx_word' id='word_1_296' title='bbox 827 2359 1135 2414; x_wconf 86' lang='lat' dir='ltr'>supradictum</span> <span class='ocrx_word' id='word_1_297' title='bbox 1160 2362 1226 2402; x_wconf 88' lang='lat' dir='ltr'>est</span> <span class='ocrx_word' id='word_1_298' title='bbox 1248 2360 1293 2402; x_wconf 87' lang='lat' dir='ltr'>in</span> <span class='ocrx_word' id='word_1_299' title='bbox 1315 2361 1460 2414; x_wconf 89' lang='lat' dir='ltr'>primo</span> <span class='ocrx_word' id='word_1_300' title='bbox 1483 2362 1678 2416; x_wconf 87' lang='lat' dir='ltr'>capitulo</span> <span class='ocrx_word' id='word_1_301' title='bbox 1711 2365 1754 2404; x_wconf 90' lang='lat' dir='ltr'>et</span> <span class='ocrx_word' id='word_1_302' title='bbox 1777 2363 2026 2419; x_wconf 79' lang='lat' dir='ltr'>secundo,2)</span> 
     </span>
    </p>
   </div>
   <div class='ocr_carea' id='block_1_5' title="bbox 244 2469 430 2473">
    <p class='ocr_par' dir='ltr' id='par_1_5' title="bbox 244 2469 430 2473">
     <span class='ocr_line' id='line_1_34' title="bbox 244 2469 430 2473; baseline 0 0"><span class='ocrx_word' id='word_1_303' title='bbox 244 2469 430 2473; x_wconf 95' lang='lat' dir='ltr'> </span> 
     </span>
    </p>
   </div>
   <div class='ocr_carea' id='block_1_6' title="bbox 494 2470 598 2472">
    <p class='ocr_par' dir='ltr' id='par_1_6' title="bbox 494 2470 598 2472">
     <span class='ocr_line' id='line_1_35' title="bbox 494 2470 598 2472; baseline 0 0"><span class='ocrx_word' id='word_1_304' title='bbox 494 2470 598 2472; x_wconf 95' lang='lat' dir='ltr'> </span> 
     </span>
    </p>
   </div>
   <div class='ocr_carea' id='block_1_7' title="bbox 240 2512 2028 2645">
    <p class='ocr_par' dir='ltr' id='par_1_7' title="bbox 240 2512 2028 2645">
     <span class='ocr_line' id='line_1_36' title="bbox 358 2512 2028 2550; baseline 0.002 -10"><span class='ocrx_word' id='word_1_305' title='bbox 358 2514 387 2547; x_wconf 86' lang='lat' dir='ltr'>a)</span> <span class='ocrx_word' id='word_1_306' title='bbox 407 2512 610 2541; x_wconf 85' lang='lat' dir='ltr'>racionanda</span> <span class='ocrx_word' id='word_1_307' title='bbox 629 2514 666 2540; x_wconf 91' lang='grc' dir='ltr'>Β.</span> <span class='ocrx_word' id='word_1_308' title='bbox 748 2513 782 2548; x_wconf 91' lang='lat' dir='ltr'>b)</span> <span class='ocrx_word' id='word_1_309' title='bbox 807 2514 1054 2548; x_wconf 65' lang='lat' dir='ltr'>Ursprilnyliaeh</span> <span class='ocrx_word' id='word_1_310' title='bbox 1074 2515 1131 2541; x_wconf 80' lang='lat' dir='ltr'>hat</span> <span class='ocrx_word' id='word_1_311' title='bbox 1151 2515 1179 2541; x_wconf 89' lang='lat' dir='ltr'><em>B</em></span> <span class='ocrx_word' id='word_1_312' title='bbox 1206 2514 1346 2549; x_wconf 84' lang='lat' dir='ltr'>elegerit</span> <span class='ocrx_word' id='word_1_313' title='bbox 1364 2515 1500 2550; x_wconf 72' lang='lat' dir='ltr'>yehabt;</span> <span class='ocrx_word' id='word_1_314' title='bbox 1537 2516 1598 2542; x_wconf 73' lang='lat' dir='ltr'>(las</span> <span class='ocrx_word' id='word_1_315' title='bbox 1625 2522 1661 2542; x_wconf 89' lang='lat' dir='ltr'>er</span> <span class='ocrx_word' id='word_1_316' title='bbox 1689 2517 1799 2543; x_wconf 57' lang='grc' dir='ltr'>παν-(ΖΘ</span> <span class='ocrx_word' id='word_1_317' title='bbox 1827 2517 2028 2544; x_wconf 70' lang='lat' dir='ltr'>aasracliert.</span> 
     </span>
     <span class='ocr_line' id='line_1_37' title="bbox 240 2560 2027 2598; baseline 0.002 -11"><span class='ocrx_word' id='word_1_318' title='bbox 240 2560 382 2588; x_wconf 78' lang='lat' dir='ltr'>Deehalb</span> <span class='ocrx_word' id='word_1_319' title='bbox 401 2561 444 2588; x_wconf 75' lang='lat' dir='ltr'>ist</span> <span class='ocrx_word' id='word_1_320' title='bbox 465 2561 549 2588; x_wconf 82' lang='lat' dir='ltr'>auch</span> <span class='ocrx_word' id='word_1_321' title='bbox 568 2562 647 2588; x_wconf 63' lang='grc' dir='ltr'>παῖε</span> <span class='ocrx_word' id='word_1_322' title='bbox 668 2561 722 2588; x_wconf 72' lang='lat' dir='ltr'>«les</span> <span class='ocrx_word' id='word_1_323' title='bbox 746 2561 828 2588; x_wconf 83' lang='lat' dir='ltr'>noch</span> <span class='ocrx_word' id='word_1_324' title='bbox 847 2562 1077 2588; x_wconf 80' lang='lat' dir='ltr'>vo7·hamlenen</span> <span class='ocrx_word' id='word_1_325' title='bbox 1098 2561 1338 2589; x_wconf 84' lang='lat' dir='ltr'>deliberaverit</span> <span class='ocrx_word' id='word_1_326' title='bbox 1358 2563 1426 2590; x_wconf 79' lang='lat' dir='ltr'>und</span> <span class='ocrx_word' id='word_1_327' title='bbox 1446 2562 1602 2590; x_wconf 83' lang='lat' dir='ltr'>dixeritis</span> <span class='ocrx_word' id='word_1_328' title='bbox 1624 2564 1682 2590; x_wconf 75' lang='lat' dir='ltr'>der</span> <span class='ocrx_word' id='word_1_329' title='bbox 1703 2563 1873 2590; x_wconf 73' lang='lat' dir='ltr'>Indikativ</span> <span class='ocrx_word' id='word_1_330' title='bbox 1892 2566 2027 2598; x_wconf 54' lang='grc' dir='ltr'>μεθείη,</span> 
     </span>
     <span class='ocr_line' id='line_1_38' title="bbox 241 2608 1804 2645; baseline 0.001 -10"><span class='ocrx_word' id='word_1_331' title='bbox 241 2608 299 2635; x_wconf 70' lang='lat' dir='ltr'>ezer</span> <span class='ocrx_word' id='word_1_332' title='bbox 319 2609 390 2636; x_wconf 81' lang='lat' dir='ltr'>dem</span> <span class='ocrx_word' id='word_1_333' title='bbox 408 2608 503 2636; x_wconf 71' lang='lat' dir='ltr'>Sinna</span> <span class='ocrx_word' id='word_1_334' title='bbox 522 2608 584 2635; x_wconf 82' lang='lat' dir='ltr'>viel</span> <span class='ocrx_word' id='word_1_335' title='bbox 605 2608 711 2635; x_wconf 75' lang='lat' dir='ltr'>besser</span> <span class='ocrx_word' id='word_1_336' title='bbox 731 2608 917 2642; x_wconf 73' lang='lat' dir='ltr'>entspricht.</span> <span class='ocrx_word' id='word_1_337' title='bbox 962 2608 1063 2643; x_wconf 71' lang='lat' dir='ltr'>Veryl.</span> <span class='ocrx_word' id='word_1_338' title='bbox 1083 2610 1144 2636; x_wconf 78' lang='lat' dir='ltr'>den</span> <span class='ocrx_word' id='word_1_339' title='bbox 1163 2611 1268 2636; x_wconf 72' lang='lat' dir='ltr'>ersten</span> <span class='ocrx_word' id='word_1_340' title='bbox 1288 2609 1457 2637; x_wconf 73' lang='lat' dir='ltr'>Abechnitt</span> <span class='ocrx_word' id='word_1_341' title='bbox 1477 2611 1535 2637; x_wconf 76' lang='lat' dir='ltr'>cler</span> <span class='ocrx_word' id='word_1_342' title='bbox 1554 2610 1727 2645; x_wconf 67' lang='lat' dir='ltr'>folyenden</span> <span class='ocrx_word' id='word_1_343' title='bbox 1746 2611 1804 2638; x_wconf 63' lang='lat' dir='ltr'>Nou</span> 
     </span>
    </p>
   </div>
   <div class='ocr_carea' id='block_1_8' title="bbox 170 2667 2029 3130">
    <p class='ocr_par' dir='ltr' id='par_1_8' title="bbox 170 2667 2029 3130">
     <span class='ocr_line' id='line_1_39' title="bbox 362 2667 2028 2714; baseline 0.001 -12"><span class='ocrx_word' id='word_1_344' title='bbox 362 2668 390 2713; x_wconf 86' lang='lat'>¹)</span> <span class='ocrx_word' id='word_1_345' title='bbox 416 2667 467 2702; x_wconf 84' lang='lat' dir='ltr'>Im</span> <span class='ocrx_word' id='word_1_346' title='bbox 492 2668 581 2714; x_wconf 79' lang='lat' dir='ltr'>Rey.</span> <span class='ocrx_word' id='word_1_347' title='bbox 611 2668 781 2702; x_wconf 74' lang='lat' dir='ltr'>Avenion.</span> <span class='ocrx_word' id='word_1_348' title='bbox 809 2669 855 2703; x_wconf 84' lang='lat'>65</span> <span class='ocrx_word' id='word_1_349' title='bbox 871 2668 907 2714; x_wconf 86' lang='lat' dir='ltr'>f.</span> <span class='ocrx_word' id='word_1_350' title='bbox 934 2669 1031 2703; x_wconf 68' lang='lat'><em>4662:</em></span> <span class='ocrx_word' id='word_1_351' title='bbox 1069 2669 1161 2703; x_wconf 75' lang='lat' dir='ltr'>wird</span> <span class='ocrx_word' id='word_1_352' title='bbox 1191 2670 1244 2704; x_wconf 81' lang='lat' dir='ltr'>als</span> <span class='ocrx_word' id='word_1_353' title='bbox 1284 2669 1486 2704; x_wconf 74' lang='lat' dir='ltr'>Gesandter</span> <span class='ocrx_word' id='word_1_354' title='bbox 1517 2670 1707 2705; x_wconf 68' lang='lat' dir='ltr'>Benedilcts</span> <span class='ocrx_word' id='word_1_355' title='bbox 1732 2669 1845 2714; x_wconf 61' lang='lat' dir='ltr'><em>XIII„</em></span> <span class='ocrx_word' id='word_1_356' title='bbox 1877 2671 1941 2705; x_wconf 81' lang='lat' dir='ltr'>der</span> <span class='ocrx_word' id='word_1_357' title='bbox 1965 2671 2028 2713; x_wconf 71' lang='lat' dir='ltr'>fiir</span> 
     </span>
     <span class='ocr_line' id='line_1_40' title="bbox 170 2714 2027 2775; baseline 0.002 -15"><span class='ocrx_word' id='word_1_358' title='bbox 170 2714 226 2757; x_wconf 83' lang='lat'>35</span> <span class='ocrx_word' id='word_1_359' title='bbox 240 2727 295 2761; x_wconf 74' lang='lat' dir='ltr'>die</span> <span class='ocrx_word' id='word_1_360' title='bbox 321 2726 494 2773; x_wconf 73' lang='lat' dir='ltr'>Leyation</span> <span class='ocrx_word' id='word_1_361' title='bbox 519 2739 566 2761; x_wconf 83' lang='lat' dir='ltr'>an</span> <span class='ocrx_word' id='word_1_362' title='bbox 590 2727 645 2762; x_wconf 74' lang='lat' dir='ltr'>die</span> <span class='ocrx_word' id='word_1_363' title='bbox 673 2727 826 2762; x_wconf 65' lang='lat' dir='ltr'>Pisaner</span> <span class='ocrx_word' id='word_1_364' title='bbox 852 2728 926 2762; x_wconf 78' lang='lat' dir='ltr'>und</span> <span class='ocrx_word' id='word_1_365' title='bbox 956 2728 1099 2774; x_wconf 78' lang='lat' dir='ltr'>Greyor</span> <span class='ocrx_word' id='word_1_366' title='bbox 1115 2726 1194 2763; x_wconf 86' lang='lat' dir='ltr'><em>XII.</em></span> <span class='ocrx_word' id='word_1_367' title='bbox 1234 2730 1288 2764; x_wconf 67' lang='lat' dir='ltr'>clia</span> <span class='ocrx_word' id='word_1_368' title='bbox 1335 2729 1430 2775; x_wconf 71' lang='lat' dir='ltr'>Weye</span> <span class='ocrx_word' id='word_1_369' title='bbox 1459 2729 1616 2764; x_wconf 74' lang='lat' dir='ltr'>bereiten</span> <span class='ocrx_word' id='word_1_370' title='bbox 1641 2731 1719 2772; x_wconf 75' lang='lat' dir='ltr'>soll,</span> <span class='ocrx_word' id='word_1_371' title='bbox 1744 2735 1901 2775; x_wconf 63' lang='lat' dir='ltr'>{lemanni</span> <span class='ocrx_word' id='word_1_372' title='bbox 1925 2731 2027 2775; x_wconf 81' lang='lat' dir='ltr'>Ilugo</span> 
     </span>
     <span class='ocr_line' id='line_1_41' title="bbox 242 2785 2027 2831; baseline 0.002 -11"><span class='ocrx_word' id='word_1_373' title='bbox 242 2785 408 2831; x_wconf 81' lang='lat' dir='ltr'>Claperii,</span> <span class='ocrx_word' id='word_1_374' title='bbox 435 2787 532 2831; x_wconf 88' lang='lat' dir='ltr'>prior</span> <span class='ocrx_word' id='word_1_375' title='bbox 557 2797 584 2823; x_wconf 86' lang='lat' dir='ltr'>S.</span> <span class='ocrx_word' id='word_1_376' title='bbox 612 2787 806 2829; x_wconf 84' lang='lat' dir='ltr'>Maximini,</span> <span class='ocrx_word' id='word_1_377' title='bbox 834 2787 907 2823; x_wconf 92' lang='lat' dir='ltr'>ord.</span> <span class='ocrx_word' id='word_1_378' title='bbox 934 2788 1070 2824; x_wconf 82' lang='lat' dir='ltr'>Predie.</span> <span class='ocrx_word' id='word_1_379' title='bbox 1132 2788 1251 2823; x_wconf 74' lang='lat' dir='ltr'>Damit</span> <span class='ocrx_word' id='word_1_380' title='bbox 1275 2789 1435 2823; x_wconf 78' lang='lat' dir='ltr'>erhalten</span> <span class='ocrx_word' id='word_1_381' title='bbox 1461 2789 1526 2823; x_wconf 79' lang='lat' dir='ltr'>wir</span> <span class='ocrx_word' id='word_1_382' title='bbox 1553 2789 1644 2823; x_wconf 75' lang='lat' dir='ltr'>auch</span> <span class='ocrx_word' id='word_1_383' title='bbox 1672 2788 1837 2823; x_wconf 68' lang='lat' dir='ltr'>Klarlzeit</span> <span class='ocrx_word' id='word_1_384' title='bbox 1861 2789 1947 2824; x_wconf 60' lang='lat' dir='ltr'>iiber</span> <span class='ocrx_word' id='word_1_385' title='bbox 1972 2790 2027 2824; x_wconf 80' lang='lat' dir='ltr'>die</span> 
     </span>
     <span class='ocr_line' id='line_1_42' title="bbox 242 2844 2027 2894; baseline 0.002 -15"><span class='ocrx_word' id='word_1_386' title='bbox 242 2844 535 2888; x_wconf 69' lang='lat' dir='ltr'>Perso&#39;nle‘chkeit,</span> <span class='ocrx_word' id='word_1_387' title='bbox 566 2845 621 2879; x_wconf 76' lang='lat' dir='ltr'>die</span> <span class='ocrx_word' id='word_1_388' title='bbox 653 2845 721 2879; x_wconf 81' lang='lat' dir='ltr'>den</span> <span class='ocrx_word' id='word_1_389' title='bbox 752 2857 821 2880; x_wconf 87' lang='lat' dir='ltr'>von</span> <span class='ocrx_word' id='word_1_390' title='bbox 853 2846 920 2880; x_wconf 81' lang='lat' dir='ltr'>mir</span> <span class='ocrx_word' id='word_1_391' title='bbox 953 2847 1111 2881; x_wconf 75' lang='lat' dir='ltr'>edierten</span> <span class='ocrx_word' id='word_1_392' title='bbox 1145 2847 1257 2892; x_wconf 76' lang='lat' dir='ltr'>Brief</span> <span class='ocrx_word' id='word_1_393' title='bbox 1277 2847 1366 2882; x_wconf 69' lang='lat' dir='ltr'>iiber</span> <span class='ocrx_word' id='word_1_394' title='bbox 1392 2847 1458 2882; x_wconf 80' lang='lat' dir='ltr'>den</span> <span class='ocrx_word' id='word_1_395' title='bbox 1483 2847 1717 2894; x_wconf 65' lang='lat' dir='ltr'>Konzt&#39;lsplan</span> <span class='ocrx_word' id='word_1_396' title='bbox 1742 2847 1920 2882; x_wconf 58' lang='lat' dir='ltr'>Innocens</span> <span class='ocrx_word' id='word_1_397' title='bbox 1957 2847 2027 2882; x_wconf 85' lang='lat' dir='ltr'><em>VII.</em></span> 
     </span>
     <span class='ocr_line' id='line_1_43' title="bbox 242 2903 1331 2950; baseline 0.002 -12"><span class='ocrx_word' id='word_1_398' title='bbox 242 2904 395 2939; x_wconf 70' lang='lat' dir='ltr'>sclerieb.</span> <span class='ocrx_word' id='word_1_399' title='bbox 457 2903 523 2950; x_wconf 61' lang='lat' dir='ltr'>Vsql.</span> <span class='ocrx_word' id='word_1_400' title='bbox 551 2904 737 2940; x_wconf 74' lang='lat' dir='ltr'>Riimisclze</span> <span class='ocrx_word' id='word_1_401' title='bbox 764 2905 1049 2950; x_wconf 60' lang='lat' dir='ltr'>Quartalsclzrtjft</span> <span class='ocrx_word' id='word_1_402' title='bbox 1086 2906 1154 2950; x_wconf 59' lang='lat' dir='ltr'>vll,</span> <span class='ocrx_word' id='word_1_403' title='bbox 1181 2907 1221 2941; x_wconf 83' lang='lat' dir='ltr'>S.</span> <span class='ocrx_word' id='word_1_404' title='bbox 1251 2906 1331 2941; x_wconf 81' lang='lat'><strong><em>483.</em></strong></span> 
     </span>
     <span class='ocr_line' id='line_1_44' title="bbox 361 2963 2029 3012; baseline 0.001 -14"><span class='ocrx_word' id='word_1_405' title='bbox 361 2963 391 3009; x_wconf 75' lang='lat'>2)</span> <span class='ocrx_word' id='word_1_406' title='bbox 418 2963 481 2998; x_wconf 89' lang='lat' dir='ltr'>Da</span> <span class='ocrx_word' id='word_1_407' title='bbox 506 2963 606 2998; x_wconf 79' lang='lat' dir='ltr'>keine</span> <span class='ocrx_word' id='word_1_408' title='bbox 638 2964 769 2999; x_wconf 82' lang='lat' dir='ltr'>andere</span> <span class='ocrx_word' id='word_1_409' title='bbox 804 2963 1069 3011; x_wconf 58' lang='lat' dir='ltr'>Schrq&#39;ftste&#39;ieke</span> <span class='ocrx_word' id='word_1_410' title='bbox 1101 2966 1307 3012; x_wconf 59' lang='lat' dir='ltr'>vorlp’eyen,</span> <span class='ocrx_word' id='word_1_411' title='bbox 1347 2977 1386 3001; x_wconf 86' lang='lat'>80</span> <span class='ocrx_word' id='word_1_412' title='bbox 1419 2966 1514 3000; x_wconf 76' lang='lat' dir='ltr'>kann</span> <span class='ocrx_word' id='word_1_413' title='bbox 1545 2966 1635 3000; x_wconf 77' lang='lat' dir='ltr'>doch</span> <span class='ocrx_word' id='word_1_414' title='bbox 1665 2977 1733 3001; x_wconf 78' lang='lat' dir='ltr'>nm·</span> <span class='ocrx_word' id='word_1_415' title='bbox 1763 2967 1818 3001; x_wconf 75' lang='lat' dir='ltr'>die</span> <span class='ocrx_word' id='word_1_416' title='bbox 1846 2966 1957 3001; x_wconf 80' lang='lat' dir='ltr'>Stelle</span> <span class='ocrx_word' id='word_1_417' title='bbox 1982 2978 2029 3000; x_wconf 72' lang='lat' dir='ltr'>za</span> 
     </span>
     <span class='ocr_line' id='line_1_45' title="bbox 171 3011 2026 3070; baseline 0.002 -14"><span class='ocrx_word' id='word_1_418' title='bbox 171 3011 231 3053; x_wconf 84' lang='lat'>40</span> <span class='ocrx_word' id='word_1_419' title='bbox 242 3020 388 3068; x_wconf 75' lang='lat' dir='ltr'>Anfanq</span> <span class='ocrx_word' id='word_1_420' title='bbox 413 3022 528 3058; x_wconf 75' lang='lat' dir='ltr'>dieses</span> <span class='ocrx_word' id='word_1_421' title='bbox 562 3022 735 3058; x_wconf 58' lang='lat' dir='ltr'>Stiiekes:</span> <span class='ocrx_word' id='word_1_422' title='bbox 765 3034 787 3058; x_wconf 84' lang='lat' dir='ltr'>a</span> <span class='ocrx_word' id='word_1_423' title='bbox 813 3050 822 3060; x_wconf 89' lang='lat'>.</span> <span class='ocrx_word' id='word_1_424' title='bbox 847 3052 856 3061; x_wconf 86' lang='lat'><strong>.</strong></span> <span class='ocrx_word' id='word_1_425' title='bbox 883 3050 893 3060; x_wconf 85' lang='grc'><strong>.</strong></span> <span class='ocrx_word' id='word_1_426' title='bbox 919 3024 1116 3059; x_wconf 85' lang='lat' dir='ltr'>Benedieto</span> <span class='ocrx_word' id='word_1_427' title='bbox 1157 3025 1202 3060; x_wconf 86' lang='lat' dir='ltr'>ad</span> <span class='ocrx_word' id='word_1_428' title='bbox 1235 3025 1469 3062; x_wconf 84' lang='lat' dir='ltr'>tractandum.</span> <span class='ocrx_word' id='word_1_429' title='bbox 1501 3035 1610 3070; x_wconf 86' lang='lat' dir='ltr'>super</span> <span class='ocrx_word' id='word_1_430' title='bbox 1640 3026 1918 3070; x_wconf 85' lang='lat' dir='ltr'>reintegracione</span> <span class='ocrx_word' id='word_1_431' title='bbox 1941 3037 2026 3059; x_wconf 75' lang='lat' dir='ltr'>usw.</span> 
     </span>
     <span class='ocr_line' id='line_1_46' title="bbox 241 3081 1472 3130; baseline 0.002 -15"><span class='ocrx_word' id='word_1_432' title='bbox 241 3081 394 3127; x_wconf 65' lang='lat' dir='ltr'>yemeu‘nt</span> <span class='ocrx_word' id='word_1_433' title='bbox 417 3081 502 3116; x_wconf 78' lang='lat' dir='ltr'>sein.</span> <span class='ocrx_word' id='word_1_434' title='bbox 558 3081 664 3116; x_wconf 82' lang='lat' dir='ltr'>Dann</span> <span class='ocrx_word' id='word_1_435' title='bbox 688 3082 738 3117; x_wconf 72' lang='lat' dir='ltr'>ist</span> <span class='ocrx_word' id='word_1_436' title='bbox 759 3082 815 3117; x_wconf 78' lang='lat' dir='ltr'>die</span> <span class='ocrx_word' id='word_1_437' title='bbox 845 3082 1159 3118; x_wconf 70' lang='lat' dir='ltr'>Ausdruclcswez’se</span> <span class='ocrx_word' id='word_1_438' title='bbox 1187 3084 1276 3118; x_wconf 81' lang='lat' dir='ltr'>aber</span> <span class='ocrx_word' id='word_1_439' title='bbox 1304 3083 1472 3130; x_wconf 72' lang='lat' dir='ltr'>azffit&#39;llt&#39;y.</span> 
     </span>
    </p>
   </div>
  </div>
 </body>
</html>
