2216 3432
3 3026 63 3138 (ξ

8 3151 74 3233 i.

4 3222 75 3273 22<

392 198 429 238 O.
455 199 653 245 Malatesta‚
680 198 816 248 Gregor
838 198 923 239 XII.
947 202 1020 237 und
1047 196 1223 237 Benedikt
1248 197 1346 239 XIII.
1375 202 1622 239 1410-1413.
1649 200 1710 238 Nr.
1737 205 1770 240 8.
1918 190 1974 236 45

189 310 372 367 gacione
406 311 583 364 Pisana,
617 312 790 354 attenta
823 309 964 352 eciam
996 310 1345 366 indisposicione
1367 309 1624 353 Baldasaris
1648 310 1785 354 Cosse
1817 312 1976 356 ultimo

187 383 234 426 in
268 383 527 437 antipapam
559 382 778 436 assumpti
813 384 859 424 et
891 395 1074 424 suorum
1108 381 1380 436 sequacium,
1430 382 1549 436 quod
1600 381 1721 424 idem
1769 383 1976 426 dominus

189 455 375 498 Carolus
407 468 487 509 per
520 467 621 497 suas
654 453 827 497 litteras
861 467 908 496 se
940 452 1103 495 fatetur
1134 454 1423 509 expertum1)‚
1457 453 1638 495 difficile
1674 453 1730 495 sit
1761 453 1806 495 in
1854 456 1978 498 tanta

189 540 340 569 rerum
360 527 621 569 turbacione
644 531 846 568 securam
879 524 993 567 viam
1027 537 1108 579 pro
1142 524 1307 567 unione
1338 524 1481 579 ipsius
1505 524 1690 567 ecclesie
1721 526 1787 567 tot
1819 526 1977 578 advers

147 594 391 641 5santibus
424 596 596 652 aperire
630 596 943 651 difficiliusque
977 597 1110 638 simul
1158 610 1260 639 cum
1307 598 1398 639 tam
1432 596 1605 639 notorie
1639 596 1977 651 diffugientibus

189 683 287 713 earn
319 669 497 712 cleriter
529 668 741 724 persequi
765 682 815 711 ac
849 667 1142 711 difficilimum
1173 667 1290 710 inter
1324 669 1494 710 astutas
1518 668 1877 711 adversariorum
1909 669 1978 711 in-

189 742 325 784 sidias
359 741 415 783 ad
449 740 746 783 desideratam
780 740 1103 795 perfectionem
1137 739 1312 792 deduci,
1347 739 1659 782 nichilominus
1691 753 1810 794 papa
1832 740 1979 782 Bene-

190 812 347 864 dictus,
382 812 473 866 qui,
507 812 622 854 sicut
655 825 736 854 nec
778 812 968 854 cessavit
1000 812 1233 864 hactenus,
1282 812 1345 854 sic
1377 825 1459 854 nec
1492 811 1770 866 inposterum
1805 825 1978 854 cessare

187 883 391 931 intendit,
426 886 643 938 quantum
677 885 759 926 erit
793 883 878 926 sibi
911 883 1142 938 possibile,
1177 883 1341 925 dictam
1373 883 1583 925 unionem
1608 882 1847 926 efficaciter
1875 896 1978 937 pro-

114 951 175 993 -10
189 955 330 1010 sequi,
365 957 413 997 ut
445 956 551 1008 Deo,
586 956 661 1009 qui
693 956 855 1010 potest,
904 955 1098 997 faciente
1134 955 1189 997 ad
1221 956 1464 1009 perfectam
1499 955 1829 997 conclusionem
1865 956 1979 997 cele-

187 1027 294 1070 riter
327 1028 589 1080 deducatur,
623 1027 844 1069 stantibus
879 1027 1083 1068 terminis
1119 1040 1208 1069 non
1241 1027 1365 1069 videt
1387 1026 1607 1070 utiliorem
1632 1029 1707 1069 aut
1730 1027 1979 1070 breviorem

188 1099 305 1142 viam
340 1112 473 1153 quam
506 1099 641 1151 illam,
676 1113 763 1153 que
797 1112 877 1152 per
909 1099 1056 1153 ipsum
1089 1112 1189 1141 cum
1218 1098 1391 1152 Angelo
1426 1099 1634 1142 Curi-ario
1668 1113 1694 1141 a
1725 1099 1809 1141 sibi
1843 1100 1979 1141 adhe-

190 1171 394 1213 rentibus
429 1171 641 1226 Gregorio
674 1171 901 1214 nominato
934 1172 1044 1213 alias
1079 1171 1230 1214 oblata
1278 1171 1361 1212 fuit
1394 1173 1439 1213 et
1470 1171 1665 1213 finaliter
1698 1171 1979 1224 concordata,

190 1242 368 1296 additis,
408 1256 497 1297 que
537 1243 783 1284 secundum
806 1242 1103 1285 variacionem
1127 1242 1410 1296 presencium
1450 1242 1748 1296 negociorum,
1782 1243 1980 1285 locorum

122 1309 173 1350 15
190 1316 234 1357 et
264 1316 518 1369 temporum
551 1314 669 1356 ultra
690 1315 760 1356 vel
782 1317 936 1368 preter
970 1314 1047 1356 illa
1068 1315 1331 1357 viderentur
1355 1315 1485 1357 aliter
1517 1315 1809 1369 disponenda,
1843 1314 1982 1357 nichil

188 1389 340 1428 tamen
373 1387 419 1428 in
452 1386 612 1429 effectu
644 1387 861 1428 mutando
894 1386 941 1428 in
973 1385 1074 1439 illis,
1123 1400 1212 1440 que
1245 1387 1366 1439 alias,
1401 1389 1451 1428 ut
1484 1386 1752 1440 premissum
1787 1388 1867 1438 est,
1901 1387 1980 1428 ob-

190 1458 281 1500 lata
313 1458 495 1500 fuerunt
542 1471 624 1512 pro
657 1472 762 1500 vera
793 1458 958 1501 unione
992 1459 1178 1500 ecclesie
1210 1458 1470 1500 obtinenda.
1535 1458 1664 1509 Quod
1698 1460 1748 1500 ut
1781 1458 1980 1500 securius

192 1532 235 1572 et
267 1529 404 1572 cicius
436 1530 655 1583 videatur,
689 1530 761 1572 hic
810 1543 927 1584 papa
961 1530 1235 1571 Benedictus
1284 1530 1472 1572 eandem
1521 1530 1813 1583 oblacionem,
1847 1543 1980 1583 quam

192 1601 301 1644 alias
335 1601 453 1653 fecit,
502 1601 665 1643 iterum
713 1602 817 1644 fecit
868 1603 912 1643 et
954 1601 1139 1654 replicat
1172 1602 1255 1643 sub
1288 1602 1371 1643 hac
1403 1601 1544 1643 forma
1579 1601 1811 1655 scilicet2):
1846 1602 1980 1655 quod,

122 1666 178 1706 20
192 1672 296 1715 licet
329 1672 425 1727 ipse
458 1685 576 1726 papa
607 1673 879 1715 Benedictus
914 1673 968 1714 de
1004 1687 1084 1714 suo
1108 1686 1213 1715 vero
1246 1673 1341 1714 iure
1370 1674 1461 1714 tam
1483 1687 1563 1727 per
1586 1673 1689 1715 facti
1715 1686 1848 1727 quam
1871 1673 1980 1715 iuris

193 1744 467 1787 evidenciam
491 1747 638 1787 certus
672 1745 729 1786 sit
752 1747 794 1787 et
818 1758 1015 1797 securus,
1049 1746 1198 1786 tamen
1226 1758 1344 1799 papa
1371 1745 1664 1797 affectionem,
1688 1758 1823 1798 quam
1845 1745 1981 1786 habet

192 1818 248 1859 ad
281 1818 434 1859 sancte
467 1816 621 1859 matris
655 1816 838 1859 ecclesie
871 1817 1080 1859 unionem
1115 1819 1159 1859 et
1192 1817 1325 1858 huius
1359 1816 1550 1858 deflendi
1587 1815 1806 1858 scismatis
1844 1816 1981 1858 extir-

191 1888 435 1942 pacionem,
472 1890 521 1930 ut
555 1891 645 1930 tam
677 1890 881 1942 optatum
914 1888 1085 1942 prefate
1119 1888 1299 1929 unionis
1324 1888 1510 1929 ecclesie
1535 1887 1766 1941 negocium
1791 1888 1981 1930 celerius

191 1961 236 2002 et
269 1960 468 2002 securius
501 1960 646 2002 valeat
679 1959 935 2001 execucioni
969 1951 1188 2001 mandari
1220 1962 1263 2002 et
1312 1961 1367 2002 ad
1414 1962 1612 2014 optatam
1656 1959 1981 2014 perfectionem

120 2022 175 2064 25
193 2031 367 2083 deduci,
400 2033 584 2086 paratus
618 2032 684 2073 est
718 2045 807 2074 una
841 2045 940 2073 Cum
975 2032 1160 2085 collegio
1193 2032 1526 2074 honorabilium
1560 2033 1750 2074 fratrum
1783 2045 1980 2084 suorum,

191 2105 343 2145 sancte
377 2104 581 2145 Romane
606 2103 791 2145 ecclesie
815 2102 1120 2154 cardinalium,
1153 2104 1199 2145 in
1227 2104 1322 2146 loco
1347 2101 1517 2156 securo,
1543 2102 1718 2146 decenti
1743 2105 1787 2145 et
1810 2104 1980 2158 ydoneo

191 2188 292 2217 cum
345 2174 464 2217 dicto
517 2175 727 2229 Gregorio
773 2175 840 2217 vel
893 2188 1162 2229 quocunque
1223 2188 1480 2217 successore
1532 2188 1613 2236 suo
1667 2188 1716 2217 ac
1769 2177 1981 2230 pretenso

191 2245 375 2300 collegio
420 2260 498 2289 suo
541 2247 610 2288 vel
654 2245 723 2288 sui
768 2246 1039 2289 successoris
1083 2248 1160 2288 aut
1199 2246 1297 2300 ipso
1340 2247 1411 2289 vel
1453 2260 1534 2289 suo
1567 2260 1824 2289 successore
1854 2248 1982 2289 dece-

191 2318 325 2360 dente
368 2318 437 2360 vel
476 2318 795 2360 decedentibus
839 2331 939 2359 cuin
971 2317 1079 2370 illis,
1112 2318 1189 2372 qui
1230 2319 1348 2371 apud
1391 2331 1517 2360 suam
1548 2320 1725 2372 partem
1771 2331 1852 2372 pro
1886 2332 1982 2360 car-

121 2379 414 2431 30dinalibus
456 2403 509 2430 se
556 2391 714 2444 gerunt
763 2403 842 2431 seu
895 2392 1069 2443 gerent,
1124 2390 1420 2443 personaliter
1470 2390 1708 2432 convenire
1762 2403 1843 2444 pro
1893 2390 1982 2433 iam

191 2461 309 2503 dicta
357 2461 519 2503 unione
571 2461 757 2503 ecclesie
805 2462 1040 2503 tractanda
1081 2463 1124 2503 et
1163 2461 1338 2504 favente
1373 2463 1466 2503 Deo
1515 2462 1692 2504 realiter
1737 2462 1981 2504 obtinenda

190 2533 344 2587 ibique
392 2532 570 2586 proviso
619 2536 664 2575 et
703 2532 905 2575 ordinato
940 2533 993 2575 de
1036 2533 1136 2585 hiis,
1186 2546 1272 2587 que
1322 2547 1404 2587 pro
1452 2533 1782 2576 acceleracione
1831 2535 1874 2575 et
1913 2547 1982 2575 se-

192 2603 380 2646 curitate
413 2603 592 2646 unionis
624 2603 822 2659 predicte
871 2606 1002 2646 erunt
1034 2606 1258 2660 oportuna
1302 2607 1345 2647 et
1386 2605 1638 2648 necessario
1688 2605 1979 2659 disponenda.

193 2676 382 2717 Paratus
435 2677 504 2717 est
554 2689 637 2730 pro
686 2689 796 2730 pace
850 2676 1005 2731 populi
1054 2676 1284 2719 christiani
1338 2679 1381 2719 et
1437 2678 1582 2719 salute
1632 2677 1878 2719 animarum
1931 2690 1981 2719 ac

121 2842 175 2885 35
314 2854 343 2898 ¹)
382 2852 447 2899 Vyl.
474 2853 528 2887 die
556 2853 695 2887 iilznliclz
723 2854 884 2888 lautende
914 2853 1024 2888 Stella
1051 2866 1097 2889 zu
1126 2853 1268 2900 Anfany
1294 2854 1355 2889 des
1382 2854 1702 2900 vorleeryelzenden
1730 2854 1883 2901 Briefes.

313 2924 342 2969 2)
371 2924 445 2959 Ans
472 2925 536 2959 der
564 2925 663 2959 Balla
691 2925 908 2974 Benedt'ktsq
946 2926 1033 2968 „Per
1070 2926 1266 2971 quendam“
1308 2937 1385 2960 vom
1409 2925 1467 2960 31.
1494 2926 1637 2960 ιῙοιιιιιαν
1662 2925 1767 2970 1407,
1805 2927 1983 2972 yedruelct

190 2983 371 3030 Raynaldc'
395 2983 525 3018 Annal.
553 2986 681 3019 eccles.
709 2985 758 3019 ad
781 2997 906 3019 annum-
932 2984 1026 3019 1407
1052 2997 1084 3019 u.
1113 2988 1157 3029 6.,
1196 2986 1332 3020 zuletzt
1365 2985 1429 3020 mit
1463 2986 1530 3020 den
1565 2985 1750 3020 Varianten
1777 2986 1833 3020 bei
1858 2986 1979 3029 Effer,

198 3043 410 3078 Theoderici
425 3044 468 3079 de
488 3044 597 3091 Nyem
614 3044 655 3079 (Ie
675 3045 862 3079 schismate
883 3045 967 3079 libri
985 3050 1071 3088 tres,
1098 3044 1240 3091 Lipsiae
1260 3044 1366 3088 1890,
1380 3057 1417 3092 p.
1431 3045 1501 3080 211
1518 3058 1565 3080 ss.
1595 3045 1665 3080 Die
1682 3045 1793 3080 Stelle
1805 3057 1841 3092 p.
1855 3045 1926 3080 213
1939 3057 1978 3091 3.,

191 3104 369 3138 ηατίὶνίἰοΙι
394 3104 458 3138 mit
480 3104 547 3138 den
573 3104 738 3150 niitln'yen
755 3104 951 3150 sormellen
976 3105 1049 3139 und
1072 3105 1369 3140 unwesentlielzen
1395 3105 1588 3140 textlt'clzen
1612 3096 1859 3150 finderetnyen.
