2216 3432
2135 142 2138 147 ·
2153 144 2156 145 γ
2181 138 2216 166 1.ιῖ

279 207 332 248 74
674 210 698 242 1.
725 205 917 241 Abschnitt.
968 197 1385 241 Unionsverhandlungen
1411 194 1464 229 bis
1492 195 1593 228 1413.

282 322 454 372 Loquor
484 329 600 358 more
631 314 837 367 ipsorum.
884 309 937 350 Et
969 306 1004 347 si
1035 306 1192 354 dicant,
1225 303 1342 355 quod
1374 300 1580 342 volebant
1611 298 1695 340 iste
1726 297 1876 351 partes
1908 308 2013 337 con-

283 389 444 443 gregari
476 384 665 434 insimul,
699 382 796 423 dato
827 379 940 432 quod
973 376 1132 419 fuerint
1163 372 1284 426 prius
1317 370 1577 424 congregate
1609 365 1874 417 disiunctim‚
1907 377 2014 419 sup—

280 445 397 513 plico
413 455 630 498 liumilime
653 450 968 499 clemenciamss)
1003 444 1247 487 serenitatis
1272 443 1410 483 vestre.
1448 439 1671 481 etiterum
1703 436 1903 490 supplico
1935 448 2014 489 per

280 525 618 569 misericordiam
670 521 745 563 Dei
794 517 976 561 viventis
1028 516 1072 556 in
1125 517 1346 560 eternum,
1398 511 1616 563 quatenus
1663 506 2013 550 animadvertere

287 598 504 649 dignetur,
545 592 756 646 quomodo
794 600 1006 630 venenum
1045 583 1243 638 aspidum
1280 580 1523 623 insanabile
1564 579 1669 620 latet
1708 577 1754 618 in
1786 577 1867 618 hac
1899 567 2054 618 esca.5

281 667 491 708 Raciones
515 675 684 715 quoque
707 661 950 711 detegentes
976 658 1053 697 hoc
1088 668 1138 694 en
1164 653 1411 694 scribuntur
1442 650 1485 691 in
1508 650 1594 691 fine
1617 648 1746 689 huius
1769 645 2013 702 epistole¹)‚

281 749 328 776 ac
362 732 506 787 nonb),
541 735 587 773 ut
618 731 791 772 tandem
823 727 1017 780 experiar
1048 725 1190 774 finem,
1224 736 1301 763 seu
1334 720 1581 762 assencient
1614 717 1752 760 modis
1786 716 2013 770 predictis;

281 806 317 845 si
351 805 424 854 sic,
455 802 553 843 finis
596 802 768 853 optatus
809 799 1012 850 sequetur
1045 797 1132 836 Deo
1165 794 1296 841 duce,
1339 791 1374 832 si
1409 804 1516 841 non,
1556 789 1686 830 animi
1720 788 2015 829 verisimiliter

283 873 579 926 placabuntur,
612 883 707 910 cum
739 881 821 910 non
844 867 1028 907 viderint
1051 866 1277 917 expertum
1311 862 1442 903 fuisse
1477 860 1685 902 unionem
1718 858 1811 899 sieri
1846 859 2014 911 absque

282 943 374 983 illis.
451 942 502 982 Et
539 940 573 981 si
609 939 876 992 postmodum
921 936 1209 984 vocabuntur,
1253 932 1607 985 dedignabuntur
1662 929 1851 975 intrare,
1901 920 2085 969 sicuth

280 1012 348 1053 ille
379 1009 690 1063 primogenitus
730 1007 865 1061 patris
897 1006 1078 1047 familias
1112 1005 1386 1053 iiulignatus,
1437 1002 1551 1055 quod
1593 1001 1689 1053 ipso
1722 999 1938 1040 existente
1970 997 2014 1039 in

279 1095 379 1133 agro
413 1083 532 1132 pater
557 1078 786 1131 recepisset
810 1077 1041 1125 minorem3
1074 1075 1170 1115 licet
1195 1074 1386 1114 audisset
1420 1070 1726 1124 symphoniam
1762 1071 1804 1110 et
1834 1070 2015 1111 chorum

279 1151 459 1202 licetque
491 1150 614 1201 pater
636 1148 857 1188 invitasset
881 1159 976 1187 cum
1008 1144 1217 1185 instancia
1249 1143 1291 1184 in
1325 1156 1440 1196 agre,
1467 1142 1611 1182 renuit
1647 1140 1878 1191 intrare.‘-')
1922 1139 2016 1180 Rex

278 1219 574 1268 illustrissime,
603 1230 748 1268 exone,
793 1217 953 1257 credite
995 1215 1120 1256 michi
1163 1214 1332 1254 servulo
1366 1215 1534 1263 vestro,
1578 1211 1697 1252 funis
1750 1209 1931 1263 pudoriS
1971 1214 2016 1255 et

279 1287 576 1329 erubescencie
621 1289 684 1327 est
730 1287 946 1327 vinculum
994 1298 1192 1337 magnum
1240 1285 1281 1324 et
1327 1285 1480 1324 catena
1532 1295 1635 1335 sepe
1682 1271 2086 1322 inext1·icabilis!l5

286 1358 320 1398 O
351 1370 476 1409 quam
511 1356 630 1397 multi
663 1357 816 1396 milites
848 1357 1029 1396 noscunt
1060 1368 1104 1395 se
1138 1356 1283 1395 fovere
1340 1366 1515 1394 causam
1549 1353 1760 1393 iniustam
1792 1353 1830 1392 et
1866 1342 2029 1393 inbeci·

280 1427 421 1467 liores
453 1428 541 1468 sore
573 1426 837 1468 adversariis.
913 1427 966 1467 Et
998 1428 1227 1478 postquam
1259 1425 1471 1466 intravere
1505 1436 1678 1476 agmen,
1711 1422 1911 1475 quamvis
1944 1435 2017 1463 ex-

280 1496 475 1536 hiberent
506 1497 634 1547 gratis
673 1509 718 1536 se
742 1509 904 1548 suaque
938 1508 1015 1548 pro
1039 1495 1134 1545 vita,
1169 1496 1399 1536 dummodo
1423 1496 1571 1547 posset
1595 1492 1689 1534 fieri
1713 1493 1824 1534 clam
1847 1492 2017 1545 absque

280 1565 578 1605 erubescencia
616 1566 1003 1617 pusillanimitatis,
1051 1568 1194 1606 tamen
1235 1568 1362 1605 ruunt
1414 1565 1457 1605 in
1504 1566 1689 1605 mortem
1736 1563 1931 1616 corporis
1972 1563 2017 1604 et

280 1634 431 1684 anime,
463 1637 507 1674 ut
539 1635 720 1676 evadant
752 1636 983 1687 pudorem,
1024 1635 1227 1688 quoniam
1270 1636 1519 1676 existimant
1559 1636 1772 1687 pudorem
1811 1632 1894 1674 sibi
1929 1632 2017 1674 dis·
2031 1623 2087 1665 20

276 1704 478 1756 pendium
508 1703 645 1745 maius
684 1707 818 1746 morte
850 1708 890 1746 et
922 1705 1102 1747 inferno.
1167 1706 1319 1758 Igitur,
1360 1707 1566 1759 princeps
1607 1705 1873 1754 clarissime,
1914 1717 2005 1745 ma-

275 1775 415 1816 turate
448 1778 637 1830 tempus,
671 1775 806 1817 tollite
861 1789 1022 1826 moras,
1064 1779 1297 1829 antequam
1330 1777 1462 1817 corda
1503 1776 1789 1826 obturentur,
1823 1787 1907 1828 que
1939 1774 2003 1816 vi-

277 1844 429 1885 dentur
465 1846 634 1889 haurire
672 1847 809 1888 lucem
852 1845 1200 1898 reintegracionis
1243 1848 1286 1886 et
1330 1847 1673 1888 reformacionis!
1735 1845 1846 1887 Nam
1888 1858 2007 1887 com-

276 1914 449 1965 perietis
494 1919 682 1958 mentem
728 1916 887 1957 domini
929 1916 1120 1969 Gregorii
1169 1930 1346 1969 puram,
1394 1920 1559 1959 rectam
1607 1922 1649 1958 et
1697 1916 1913 1958 sinceram
1953 1915 2009 1958 ad

277 1987 621 2037 prosequendum
674 1989 716 2027 et
767 1987 1065 2038 exequendum
1117 1987 1284 2032 omnia,
1337 2001 1421 2040 que
1478 1989 1728 2041 cognoverit
1781 1986 2011 2041 profutura
2031 1975 2086 2017 25

277 2053 446 2109 quieti‘')
491 2056 666 2097 ecclesie
705 2059 851 2097 sancte
899 2057 941 2096 et
999 2056 1328 2109 reintegracioni
1385 2058 1535 2111 populi
1576 2058 1800 2099 christiani
1849 2070 1929 2111 per
1970 2070 2017 2098 se

278 2121 415 2175 ipsum
438 2126 501 2165 vel
527 2126 608 2166 alio
631 2126 779 2179 quovis
803 2126 1059 2167 enunciante
1092 2129 1134 2167 et
1166 2127 1398 2180 presertim
1431 2128 1667 2170 serenitate
1700 2130 1859 2177 vestra,
1882 2141 2016 2181 quam

207 2196 215 2204 ”
277 2192 410 2244 diligit
441 2197 483 2235 et
513 2196 784 2248 amplectitur
834 2197 877 2237 in
910 2197 1148 2238 visceribus
1181 2199 1373 2240 caritatis
1415 2200 1639 2253 tamquam
1673 2199 1811 2240 filium
1843 2196 2017 2240 carissi-

277 2274 390 2302 mum
421 2266 460 2304 et
491 2264 713 2317 illustrem,
746 2279 831 2307 non
853 2279 1007 2318 genere
1039 2268 1194 2319 solum,
1230 2282 1374 2310 verum
1409 2272 1450 2311 et
1489 2269 1698 2322 moribus,
1733 2283 1802 2311 me
1825 2281 2016 2323 quoque,

278 2331 437 2372 utinam
470 2334 581 2376 Deus
605 2335 798 2388 dignetur
832 2336 987 2389 largiri,
1021 2351 1147 2390 posse
1186 2339 1367 2392 obsequi
1402 2340 1638 2382 clemencie
1662 2342 1806 2382 vestre
1838 2339 1883 2380 in
1915 2351 2017 2393 pro·
2031 2328 2087 2370 30

277 2399 432 2442 fectum
471 2407 616 2445 sancte
666 2406 815 2446 matris
865 2407 1043 2448 ecclesie
1084 2410 1125 2448 et
1168 2411 1395 2451 comodum
1429 2411 1726 2464 quodcunque
1767 2409 2017 2452 serenitatis

277 2469 450 2544 prefate.
511 2473 721 2522 Quoniam
753 2489 851 2529 ergo
892 2490 959 2518 res
1003 2480 1044 2519 et
1085 2480 1257 2532 tempus
1303 2482 1498 2534 postulat
1537 2484 1580 2523 et
1620 2481 1856 2535 disposicio
1893 2493 2017 2523 men-

283 2550 391 2579 clum
432 2540 600 2583 videtur
645 2545 815 2597 adesse,
862 2548 1137 2599 magnanime
1184 2550 1327 2598 heros,
1376 2551 1546 2607 sume‘¹)
1595 2552 1779 2594 viriliter
1817 2554 1860 2594 et
1901 2564 2016 2605 eque

277 2620 448 2650 causam
495 2611 570 2653 Dei
611 2614 804 2657 altissimi
851 2618 1157 2671 etfaccingere
1203 2621 1346 2673 gladio
1388 2623 1463 2663 tuo
1511 2636 1645 2677 super
1692 2623 1836 2665 femur
1878 2624 2015 2674 tuum,

277 2678 583 2733 potentissime,
615 2685 757 2736 specie
788 2688 861 2728 tua
901 2689 944 2729 et
974 2689 1301 2740 pulchritudine
1330 2692 1406 2733 tua
1438 2693 1622 2735 incende
1654 2705 1880 2748 prospere,
1911 2704 2015 2746 pro·
2030 2681 2085 2724 35

280 2747 381 2822 cede
412 2750 454 2789 et
485 2763 632 2804 regna3
679 2767 777 2796 nam
818 2755 853 2796 si
894 2757 1044 2799 feceris
1085 2760 1166 2801 hoc
1205 2763 1389 2814 propter
1421 2762 1651 2805 veritatem
1684 2765 1727 2806 et
1758 2764 2013 2805 mansuetu-

280 2814 421 2856 dmem
451 2819 491 2858 et
520 2819 744 2876 iusticiam,
778 2826 1033 2869 mirabiliter
1066 2830 1250 2872 deducet
1282 2833 1325 2873 te
1358 2833 1534 2876 dextera
1568 2834 1745 2876 domini.

392 2919 419 2950 a)
439 2919 611 2950 clemencia
629 2926 663 2951 B.
710 2926 741 2960 b)
757 2928 833 2955 Hier
851 2930 930 2962 fehlt
949 2930 1012 2964 hic,
1044 2931 1105 2959 hoc
1125 2932 1197 2961 loco
1219 2935 1296 2962 oder
1315 2936 1484 2964 (ihnliches.
1522 2938 1551 2972 c)
1567 2938 1676 2974 quiete
1697 2939 1734 2966 B.
1779 2938 1811 2973 d)
1833 2945 1958 2966 summe
1977 2937 2014 2965 Β.

396 2978 421 3020 ¹)
446 2978 521 3013 Das
545 2982 592 3015 isc
613 2983 673 3017 das
699 2984 915 3022 Bruchstiick
942 2990 1027 3024 oben
1051 2991 1117 3025 Nr.
1143 2992 1175 3031 4,

397 3035 422 3082 ²)
447 3035 547 3072 Naelz
570 3039 681 3076 Isalcas
706 3042 760 3082 15,
2026 3036 2102 3094 40'
