2216 3432
416 172 459 211 D.
503 172 719 221 Sigismund‚
744 178 966 227 Frankreich‚
991 184 1150 231 England
1175 191 1245 225 und
1271 193 1331 228 das
1357 195 1491 231 Konzil.
1534 198 1592 234 Nr.
1619 201 1695 244 108,
1723 204 1797 240 109.
1893 198 1973 241 387

241 292 328 335 que
366 280 650 326 fraternitatis
689 286 952 339 perfectione
984 292 1187 337 nimirum
1217 299 1499 351 probabiliter
1530 307 1736 351 suadente
1767 314 1961 356 convenit

239 352 302 405 ut,
335 352 714 406 quemadmodum
737 357 991 404 alterutrum
1023 363 1189 407 sincera
1219 369 1446 413 dilectione
1468 373 1649 417 invicem
1671 348 1975 433 amplectimur,

238 421 299 464 ita
331 423 387 465 ab
418 423 701 469 infestatione
729 429 772 470 et
795 429 1017 474 invasione
1040 434 1147 477 alter
1169 437 1345 481 alterius
1366 443 1623 487 vasallorum
1646 450 1687 488 et
1709 418 1978 495 subditorum

240 506 398 537 manus
435 496 588 539 tenere
626 497 838 541 innoxias.
918 503 1160 558 Eapropter
1201 511 1450 554 excellentie
1496 518 1635 557 vestre
1676 518 1978 564 fraternitatem

134 631 138 634 .
198 564 224 607 5
239 565 402 607 obnixe
423 579 671 621 precamur,
705 570 914 622 quatinus
946 587 1091 617 amore
1114 579 1156 619 et
1178 582 1540 635 contemplatione
1563 589 1697 628 nostri
1721 589 1773 630 de
1795 593 1978 633 exercitu

239 638 393 678 contra
425 638 470 679 et
491 638 703 681 adversus
726 642 942 694 prefatum
966 645 1132 691 ducem.
1156 651 1366 693 vasallum
1389 655 1597 708 nostrum,
1622 657 1700 699 hac
1721 658 1810 700 vice
1833 674 1979 714 super-

238 707 394 750 sedere
433 708 576 751 saltim
610 723 752 764 usque
785 714 839 755 ad
871 717 1115 768 proximum
1148 719 1305 762 festum
1336 724 1492 766 natalis
1525 726 1684 768 domini
1718 730 1849 770 nostri
1880 731 1979 773 Jesu

238 778 403 822 Christi
424 780 581 822 velitis.
617 781 855 835 Speramus
878 787 1037 828 etenim
1057 789 1101 829 in
1125 790 1305 832 concilio
1328 792 1471 835 futuro
1494 809 1580 836 una
1602 810 1697 838 cum
1716 799 1979 853 principibus

236 851 394 893 vestris
432 851 824 896 ambassiatoribus
867 856 1063 899 illorsum
1100 863 1348 915 venturum,
1389 865 1463 905 ubi
1502 866 1629 908 etiam
1660 868 1849 920 prefatus
1882 871 1978 923 dux,

169 921 308 963 10cui
346 935 426 976 per
463 924 628 978 scripta
661 927 812 967 nostra
849 927 937 969 iam
972 930 1326 987 inandav·imus,‘¹)
1369 936 1651 987 personaliter
1682 940 1977 994 constituetur,

235 994 466 1036 materiam
500 995 745 1038 differentie
779 998 1010 1041 cuiuslibet
1040 1000 1191 1042 tollere
1222 1015 1400 1056 prorsus
1432 1007 1474 1046 et
1505 1007 1659 1060 sopire.

235 1157 339 1203 109.
387 1159 524 1216 Ko'm'y
559 1159 805 1216 Siyismund
838 1163 1045 1215 bekunclet,
1079 1166 1177 1206 dass
1207 1182 1251 1207 er
1281 1169 1346 1209 ein
1380 1168 1586 1210 Bimdniss
1615 1173 1687 1212 mit
1716 1171 1906 1213 Heinrich
1936 1171 1978 1213 V.

234 1244 311 1271 von
330 1229 533 1287 Enqland
560 1232 878 1276 abzuschlz'essen
903 1235 1185 1292 beabsiclctiye,
1219 1238 1317 1278 dass
1338 1254 1379 1280 es
1402 1240 1500 1281 aber
1530 1256 1661 1296 weyen
1682 1243 1850 1284 audet-er
1871 1245 1980 1285 drin—

233 1302 388 1357 9ender
433 1303 811 1360 Beschd'ftiyunyen
854 1306 954 1346 ηοσΙι
991 1307 1102 1347 nicht
1142 1309 1247 1349 daza
1283 1309 1509 1363 qelcommen
1546 1314 1615 1353 sei.
1678 1312 1806 1366 (1414
1839 1313 1979 1368 Ende.)

168 1396 219 1438 15
306 1395 339 1430 B
364 1408 428 1432 aas
459 1396 541 1432 Cod.
569 1398 753 1433 Palatinus
782 1398 847 1433 701
865 1400 934 1444 fol.
961 1398 1031 1433 329
1055 1400 1118 1433 der
1150 1400 1258 1434 Vate'k.
1287 1401 1490 1436 Bibliothek.

355 1492 665 1547 Sigismundus
719 1496 797 1536 etc.
860 1495 931 1536 Ad
982 1495 1283 1537 certitudinem
1335 1498 1601 1550 presentium
1654 1502 1695 1543 et
1741 1502 1978 1544 futurorum

233 1564 505 1606 memoriam.
571 1566 691 1608 Inter
742 1567 885 1608 varias
938 1566 1249 1619 sollicitudines
1301 1580 1513 1621 curasque
1568 1571 1839 1625 multiplices,
1896 1587 1977 1626 que

234 1634 480 1677 ministerio
525 1637 641 1691 regie
690 1637 910 1691 dignitatis
954 1637 1227 1689 incumbunt,
1273 1638 1324 1678 de
1363 1638 1523 1680 salubri
1567 1642 1607 1681 et
1644 1641 1821 1694 pacifico
1864 1644 1976 1683 statu

233 1718 469 1759 regnorum
524 1710 776 1750 nostrorum
828 1708 992 1750 solicite
1045 1722 1124 1749 nos
1178 1708 1363 1762 cogitare
1415 1710 1625 1750 convenit.
1696 1712 1977 1765 Summopcre

162 1775 364 1830 20igitur
411 1778 736 1831 providendum
785 1777 1031 1834 occur1·it,¹')
1076 1779 1194 1820 iuxta
1241 1778 1488 1832 magistram
1531 1779 1743 1822 bonorum
1786 1781 1977 1823 omnium

233 1847 474 1902 caritatem,
528 1863 614 1903 que
661 1849 723 1891 nil
770 1850 885 1905 sapit
937 1851 1203 1901 extraneum,
1255 1850 1313 1890 nil
1365 1862 1579 1909 asperum,
1630 1850 1689 1891 nil
1739 1850 1976 1901 confusum,

231 1931 379 1972 ymmo
427 1920 611 1976 propria
658 1921 851 1974 equitate
902 1921 1037 1962 nutrit
1087 1920 1379 1973 concordiam,
1428 1921 1681 1962 dissociatos
1737 1921 1975 1973 coniungit,

232 2001 388 2042 pacem
421 1991 464 2032 et
496 1991 708 2033 unitatem
743 1991 988 2033 consolidat
1020 1993 1062 2033 et
1092 1991 1313 2032 individua
1344 1990 1503 2032 unione
1530 1990 1735 2031 validiora
1758 1990 1975 2031 consuevit

232 2059 390 2102 afferre
435 2060 707 2104 fortitudinis
745 2062 1025 2104 incrementa.
1095 2063 1210 2104 Sane
1246 2061 1426 2102 internis
1466 2060 1691 2102 desideriis
1729 2060 1975 2101 affectantes

160 2137 215 2179 25
230 2130 346 2173 inter
377 2145 474 2186 nos,
507 2145 654 2187 regna,
679 2133 873 2175 dominia
903 2134 946 2175 et
976 2133 1175 2174 subditos
1208 2133 1375 2173 nostros
1407 2145 1456 2172 ex
1488 2143 1575 2172 una
1597 2131 1638 2171 ct
1659 2130 1974 2171 serenissimum

229 2201 478 2257 principem
522 2203 751 2245 dominum
793 2204 1032 2246 Henricum
1070 2203 1225 2256 Anglie
1264 2204 1306 2244 et
1344 2202 1375 2243 F
1379 2201 1520 2243 rancie
1567 2214 1707 2253 regem
1755 2200 1973 2251 illustrem,

348 2354 379 2390 a)
400 2356 481 2383 Hier
498 2355 583 2390 folqt
601 2356 683 2383 noch
703 2355 822 2383 einmal
842 2354 949 2382 etiam.
1021 2354 1054 2389 b)
1075 2354 1118 2381 Es
1137 2353 1219 2387 folyt
1238 2353 1423 2387 ilberflmeiy
1442 2353 1486 2380 ut.

229 2415 378 2449 consilio
396 2415 556 2458 facimus,
583 2426 753 2458 creamus,
779 2416 992 2456 ordinamus,
1019 2415 1261 2448 constituimus
1281 2424 1341 2457 per
1358 2413 1480 2446 dictam
1501 2411 1707 2456 provinciam
1727 2413 1759 2443 et
1777 2409 1974 2443 nominatim

228 2474 266 2507 in
284 2474 443 2516 Metensi,
471 2474 695 2509 verdunensi
722 2486 761 2509 ac
779 2475 937 2508 Tullensi
963 2474 1161 2508 civitatibus
1188 2482 1372 2515 eorumque
1399 2471 1611 2504 districtibus
1636 2470 1672 2503 in
1690 2472 1842 2502 nostrum
1860 2477 1973 2500 verum

159 2534 217 2576 30
230 2535 266 2566 et
296 2533 492 2578 legitimum
531 2534 851 2568 administratorem
890 2537 924 2567 et
961 2535 1152 2566 curatorem
1191 2530 1386 2575 specialem,
1425 2529 1545 2562 dantes
1584 2532 1617 2562 et
1653 2526 1874 2561 concedentes
1911 2524 1973 2557 tibi

228 2591 370 2636 plenam
404 2594 439 2626 et
470 2593 704 2627 omnimodam
738 2596 959 2638 potestat-em,
992 2595 1031 2625 ut
1062 2591 1105 2624 ad
1131 2589 1383 2623 reformandum
1416 2588 1542 2621 ibidem
1575 2584 1815 2629 rempublicam
1841 2592 1973 2617 conser-

229 2651 434 2695 vandasque
459 2651 633 2686 iustitiam
658 2655 693 2686 et
718 2663 837 2697 pacem
864 2655 898 2685 et
923 2650 1151 2690 concordiam,
1178 2658 1239 2681 nec
1264 2658 1333 2681 non
1357 2646 1399 2680 ad
1418 2645 1638 2689 repetendum
1657 2647 1689 2676 et
1707 2642 1970 2686 recolligendum

229 2712 353 2744 nostro
379 2710 521 2744 nomine
546 2711 659 2745 nostri
693 2714 727 2745 et
752 2711 887 2755 imperii
914 2710 1003 2743 sacri
1036 2718 1170 2749 census,
1197 2706 1350 2740 redditus
1377 2710 1410 2738 et
1434 2706 1620 2748 proventus
1644 2713 1683 2735 ac
1706 2702 1815 2745 ipsius
1841 2699 1972 2743 imperii

228 2769 308 2803 iura
333 2769 586 2804 manutenendi
610 2770 703 2804 vices
729 2772 867 2804 nostras
885 2769 997 2813 regias
1018 2770 1144 2809 tenere,
1171 2775 1287 2810 gerere
1305 2768 1338 2797 et
1355 2763 1480 2796 habere
1500 2760 1746 2805 purgandoque
1765 2757 1969 2802 provinciam

158 2835 214 2878 35
229 2828 441 2863 antedictam
476 2828 514 2863 in
546 2828 763 2863 facinorosos
798 2829 913 2862 animo
945 2826 1132 2866 advertere,
1166 2822 1398 2857 malefactores
1426 2819 1764 2883 inquirere,·punire
1789 2815 1969 2859 inquisitos

229 2890 264 2922 et
288 2887 491 2933 specialiter
525 2897 597 2930 eos,
629 2888 690 2932 qui
721 2889 849 2922 stratas
880 2888 914 2920 et
944 2885 1069 2919 itinera
1100 2882 1239 2927 publica
1271 2890 1358 2914 ausu
1391 2878 1570 2912 temerario
1601 2875 1727 2909 violare
1760 2874 1969 2918 presumunt,

229 2946 431 2981 criminales
469 2947 574 2982 etiam
614 2946 815 2991 questiones
853 2947 887 2978 et
924 2943 1053 2977 civiles.
1091 2950 1235 2985 quarum
1274 2937 1434 2982 cognitio,
1460 2936 1489 2969 si
1526 2937 1701 2997 presente-s
1733 2940 1894 2995 essemus,
1925 2928 1969 2962 ad

227 2997 390 3040 nostrum
416 3005 576 3041 auditum
599 2999 803 3050 pertineret,
838 3001 1029 3036 liberaliter
1053 2999 1172 3033 audire
1198 3000 1232 3031 et
1255 2996 1332 3029 illas
1358 2994 1543 3028 secundum
1575 2991 1744 3025 iusticiam
1777 2991 1968 3022 terminare.

229 3083 275 3090 —
301 3063 435 3099 Datum
458 3063 605 3099 Pozonii
630 3074 661 3099 a.
687 3063 721 3099 d.
747 3061 928 3096 millesimo
955 3055 1293 3104 quadringentesimo
1320 3052 1531 3092 duodecimo,
1558 3046 1791 3149 die29ctobris
1816 3046 1872 3090 (Ρ).

1638 3121 1662 3148 0
