2216 3432
263 166 346 208 348
583 174 643 208 111.
671 173 859 207 Abschnitt
919 170 1192 217 Vni-geschichte
1217 170 1279 205 des
1303 171 1527 206 Konstanzer
1551 171 1712 208 Konzils.

378 281 603 331 Quantum
636 279 704 320 est
743 279 798 320 ad
837 278 1041 332 quintum
1074 276 1307 319 articulum
1339 275 1733 331 supplicacionum,
1772 277 2028 332 supplicant

262 363 413 393 omnes
435 349 514 391 filii
536 349 668 391 vestri
692 362 743 390 ac
774 348 1009 390 servitores
1038 348 1326 395 devotissimi,
1348 348 1468 402 quod
1500 347 1711 390 sanctitas
1742 349 1891 390 vestra
1920 348 2028 392 velit

262 434 466 462 amovere
498 420 764 462 sententiam
797 418 1267 461 excommunicacionis
1305 418 1413 461 alias
1446 430 1525 471 per
1557 417 1719 460 dictam
1750 418 2026 462 sanctitatem

262 493 451 533 vestram
491 491 623 532 latam
665 491 815 532 contra
833 490 865 545 1)
905 503 1059 531 omnes
1101 488 1327 531 sanctitati
1366 488 1509 531 eidem
1550 488 1874 545 obedientes¹),
1915 503 2026 545 quo-

263 563 381 604 niam
419 563 629 614 sequatur
670 560 810 602 maius
858 561 1065 601 damnum
1114 573 1247 613 quam
1294 559 1562 614 proficuum,
1609 559 1749 601 eciam
1795 561 1915 614 quod
1961 557 2068 603 est5

266 632 438 683 sorcius,
471 631 595 673 multi
630 632 734 673 sunt
765 631 811 671 in
844 631 1033 672 maximo
1073 631 1269 684 periculo
1302 630 1466 682 anime,
1508 629 1614 683 quia
1645 630 1873 685 negligunt
1902 632 2028 686 pote·
2207 656 2216 685 4

264 705 419 744 statem
452 702 647 752 ecclesie,
681 702 890 752 diceud0,
924 702 1054 755 quod,
1088 701 1444 755 quandocunque
1477 702 1522 742 et
1554 701 1914 756 quociescunque
1942 701 2028 756 ipsi

263 773 497 824 voluerint,
537 773 836 821 absolventur,
879 774 917 813 et
966 785 1100 826 super
1138 771 1222 813 isto
1261 772 1514 826 allegabant
1560 772 1613 814 de
1656 770 1912 829 Erroreo2),
1951 772 2028 827 qui

266 845 384 886 nullo
425 845 554 885 modo
594 844 725 885 talem
764 843 1031 885 sentenciam
1070 843 1399 897 pronunciavit,
1438 848 1538 896 ymo
1579 842 1789 885 continue
1828 856 1904 885 sex
1935 845 2029 886 stu-

265 915 420 955 dentes
453 914 643 968 propriis
677 914 880 967 expensis
913 914 1015 955 dicti
1049 914 1213 955 Errorii
1248 914 1391 957 tenuit
1424 916 1466 956 et
1498 916 1631 965 tenet,
1664 914 1807 957 eidem
1839 915 2028 958 Erroreo
2045 911 2101 954 10

266 985 541 1026 notificantes
574 985 741 1037 omnia,
779 999 864 1038 que
890 986 1085 1027 Parisius
1115 985 1224 1027 fiunt
1265 987 1307 1027 et
1346 999 1436 1027 non
1468 986 1593 1028 timet
1626 986 1767 1028 dictus
1800 986 2029 1030 Erroreus‚

265 1056 382 1108 quod
414 1057 523 1097 tales
556 1056 643 1097 siut
677 1058 827 1096 contra
860 1056 1002 1109 ipsum
1037 1056 1285 1107 Erroreum,
1319 1057 1529 1110 quoniam
1562 1057 1676 1099 bene
1709 1057 1832 1099 novit
1864 1055 2030 1113 ipsosb)

265 1128 462 1180 perante,
527 1129 691 1177 Quare,
739 1127 1014 1168 sanctissime
1064 1129 1208 1181 pater,
1259 1128 1439 1170 avisetis
1483 1141 1617 1182 super
1664 1127 1763 1170 istis
1807 1130 1850 1170 et
1894 1142 2031 1183 super

266 1198 375 1246 aliis,
408 1197 508 1250 quia
542 1199 663 1239 tanto
697 1198 845 1251 plures
868 1198 1032 1239 amicos
1056 1198 1288 1244 habebitis,
1322 1200 1445 1240 tanto
1469 1198 1668 1240 securius
1695 1212 1775 1253 pro
1797 1200 2029 1243 sanctitate

266 1270 410 1309 vestra
442 1268 626 1310 facietis:
660 1271 962 1311 verumtamen
997 1270 1185 1322 possetis
1216 1283 1442 1323 opponere
1475 1269 1715 1312 remedium
1748 1284 1883 1325 super
1910 1271 2029 1313 locu·
2048 1265 2100 1307 15

266 1339 461 1380 cionibus
495 1339 828 1392 Cordigerorum
862 1340 952 1381 sive
987 1340 1171 1382 fratrum
1206 1340 1436 1391 Minorum,
1469 1341 1588 1394 quod
1621 1340 1737 1383 idem
1770 1343 1851 1384 est.

382 1422 566 1475 Insuper
589 1423 841 1475 supplicant.
864 1436 1016 1463 omnes
1040 1422 1117 1464 tilii
1142 1424 1275 1465 vestri
1301 1423 1574 1466 devotissimi
1597 1424 1651 1466 de
1675 1437 1807 1478 regno
1829 1424 1981 1467 Scocie
1992 1424 2029 1480 3)

267 1492 463 1534 Parisius
487 1493 738 1539 studentes,
781 1496 883 1534 sunt
917 1493 1066 1545 viginti
1108 1497 1151 1535 et
1188 1495 1305 1536 ultra
1346 1494 1389 1535 in
1424 1507 1630 1548 numero,
1669 1494 1745 1548 qui
1776 1508 1878 1537 vere
1909 1495 2029 1549 digni

266 1564 393 1604 laude
426 1566 542 1614 sunt,
566 1565 681 1616 quod
716 1565 884 1617 placeat
911 1565 1132 1606 sanctitati
1157 1567 1314 1615 vestre,
1347 1568 1397 1607 ut
1428 1566 1601 1619 possint
1628 1566 1804 1608 studere
1833 1565 2030 1608 Parisius

264 1634 332 1675 vel
366 1634 410 1674 in
443 1634 539 1675 aliis
572 1634 729 1675 studiis
764 1636 885 1688 regni
920 1636 1124 1685 Francie,
1168 1638 1212 1677 et
1252 1637 1405 1686 eciam,
1445 1637 1562 1690 quod
1600 1636 1773 1690 possint
1811 1631 2102 1691 graduari,20

265 1705 472 1758 quoniam
506 1705 577 1746 isti
610 1706 720 1747 tales
754 1706 940 1747 libenter
981 1707 1224 1749 fundantur
1264 1708 1308 1748 in
1347 1707 1517 1749 artibus
1556 1720 1606 1750 ac
1646 1707 1956 1761 magistrantur
1987 1709 2031 1750 et

267 1789 353 1817 non
385 1778 566 1829 possent
598 1776 793 1818 invenire
823 1778 979 1819 melius
1013 1778 1209 1819 studium
1242 1792 1322 1832 pro
1354 1778 1429 1820 illa
1450 1778 1647 1828 scientia,
1681 1780 1730 1820 ut
1763 1779 1916 1821 notum
1948 1781 2030 1821 est.

381 1858 487 1900 Item
512 1860 688 1912 quando
722 1860 788 1900 isti
830 1861 939 1902 tales
963 1861 1296 1915 magistrantur,
1330 1862 1431 1902 sunt
1471 1861 1525 1902 de
1558 1861 1743 1904 nacione
1766 1860 2031 1904 Alemannie

265 1931 308 1970 et
347 1930 504 1970 habeut
550 1930 708 1981 officia,
750 1933 853 1972 sunt
893 1934 1104 1983 rectores,
1144 1934 1451 1986 procuratores
1483 1933 1564 1974 etc.
1597 1933 1640 1974 et
1679 1933 1811 1985 tales,
1855 1931 1931 1987 qui
1969 1931 2032 1974 ita

266 1999 487 2042 ferventer
529 2001 713 2054 diligunt
755 2003 1036 2044 sanctitatem
1076 2004 1286 2055 vestram,
1344 2006 1543 2058 tempore
1606 2004 1650 2045 et
1696 2003 1793 2046 loco
1841 1995 2101 2046 multum25

382 2177 413 2210 a)
436 2178 513 2203 Hier
533 2177 615 2211 sely!
636 2178 825 2212 ilberflilaeiq
845 2179 958 2207 m'iam.
996 2180 1028 2213 l»)
1051 2179 1122 2214 ipso
1146 2179 1216 2213 Req.

257 2248 324 2291 fiir
357 2248 409 2281 cin
444 2248 628 2287 Aufrullen
660 2250 724 2282 der
756 2249 871 2295 Fraye
904 2251 964 2283 ‹Ie-s·
1000 2250 1195 2292 I'isanums,
1231 2251 1345 2285 wmm‘e
1377 2251 1470 2284 datm
1500 2250 1555 2284 die
1602 2249 1829 2296 l·⁷ernel1mun9
1860 2249 1924 2284 der
1955 2250 2034 2284 dret'

270 2305 524 2340 I‘riitcmlenlen
555 2309 845 2353 1nxannurnln‘ny,
878 2310 951 2342 siclt
984 2311 1268 2355 ausycxproehen
1301 2309 1407 2352 mitte,
1438 2310 1486 2344 ise
1516 2308 1739 2343 enta-hieden
1767 2309 1897 2350 salech.
1948 2307 2034 2342 Man

268 2365 378 2398 wollte
405 2377 448 2397 mo
475 2366 538 2398 der
570 2366 786 2401 Universitiit
810 2368 1001 2412 allerdinys
1029 2368 1127 2402 keine
1156 2368 1347 2403 hesomlare
1375 2368 1557 2414 Betonuny
1583 2368 1647 2402 der
1672 2366 1824 2403 Pae'saner
1845 2367 2032 2402 Entschei-
2204 2360 2216 2423 1

266 2423 400 2465 ‹lmusen
432 2426 521 2467 (man
556 2426 621 2469 ryl.
647 2426 701 2459 die
729 2425 943 2460 lustrat-tion
970 2428 1039 2472 fiir
1069 2428 1124 2462 die
1164 2426 1593 2473 Universitic'tsyemndten
1627 2426 1716 2461 uach
1749 2426 1962 2461 Scltottland
1988 2426 2033 2461 im
2046 2425 2104 2469 30
2204 2435 2216 2469 ς

271 2481 444 2527 Friilzjalzr
464 2483 572 2517 1414.-
600 2485 649 2518 De
667 2485 814 2519 concilio
833 2486 961 2520 Pisano
980 2487 1066 2520 satis
1085 2487 1206 2521 leviter
1224 2490 1391 2529 transeat,
1415 2486 1601 2529 Jourdam,
1626 2486 1738 2521 Index
1763 2486 2031 2532 chronoloyicus
2205 2476 2216 2501 ¹

269 2541 467 2575 chartarum
500 2543 591 2576 univ.
626 2543 840 2578 Parisiemis
873 2545 939 2578 Nr.
968 2545 1060 2579 1083
1085 2558 1123 2592 p.
1148 2545 1233 2590 232)
1268 2545 1355 2580 aber
1389 2545 1578 2581 sicherlt'ck
1613 2545 1703 2580 auch
1734 2544 1833 2580 keine
1867 2543 2031 2591 Infraqe-
2191 2560 2216 2591 ,af

268 2600 415 2645 stellans]
441 2601 504 2634 der
530 2601 757 2647 Eryebm'sse‚
783 2615 828 2637 an
854 2604 964 2638 denen
988 2604 1043 2639 (lie
1075 2604 1294 2640 Um‘verst'tiit
1317 2604 1498 2651 betheitiyt
1518 2616 1681 2651 yewesen
1704 2615 1792 2641 war.
2146 2643 2151 2647 ,
2189 2597 2216 2652 ‘i

2203 2666 2216 2748 i

2203 2755 2216 2787 1

388 2672 413 2714 ¹)
440 2671 527 2705 Hier
551 2684 643 2706 mass
670 2678 776 2708 etwas
803 2676 1031 2720 ausyelassen
1058 2676 1150 2710 sein.-
1182 2675 1304 2722 Geyen
1326 2675 1458 2711 welche
1485 2674 1677 2722 Kateqorie
1703 2675 1821 2710 seiner
1838 2673 2032 2720 Anhfinqer

271 2728 439 2763 Benerh'kt
462 2731 516 2765 die
535 2731 884 2768 Exkomnmnikation
904 2734 1190 2781 ausyesproehen
1207 2735 1278 2769 Ιιατ.
1320 2735 1395 2769 Aua
1412 2734 1489 2770 dem
1505 2739 1612 2770 unten
1626 2733 1888 2780 qeachilderten
1901 2744 2031 2780 qeqen-
2044 2722 2101 2768 35
2179 2763 2184 2780 ‚

269 2788 460 2822 siitslicleen
491 2789 675 2825 Verlmlten
714 2791 873 2838 Greyors
901 2792 981 2827 XII.
1016 2794 1153 2828 seheint
1182 2806 1219 2829 es
1251 2794 1325 2829 sich
1358 2805 1414 2828 um
1447 2792 1638 2839 Anhdnqer
1669 2792 1858 2828 Benedikts
1890 2803 1936 2827 an
1965 2791 2032 2827 der
2178 2786 2196 2838 ¹,

269 2845 417 2881 Pariser
447 2847 664 2884 Universitiit
692 2862 737 2884 zu
761 2852 920 2886 leandeln.
973 2852 1075 2887 Docta
1102 2853 1211 2888 kenne
1238 2853 1294 2888 ich
1319 2853 1401 2888 kein
1430 2852 1561 2888 Ver-bot
1583 2851 1773 2888 Benedikta
1798 2851 1854 2886 die
1879 2849 2032 2886 Parim

275 2904 491 2941 Universitc'it
512 2919 558 2941 za
584 2907 757 2943 besue-loen
782 2910 854 2944 und
876 2922 940 2945 aus
966 2911 1030 2945 der
1051 2911 1242 2957 folyenden
1265 2911 1334 2949 Nr.
1357 2911 1443 2958 yelat
1466 2911 1522 2947 ein
1546 2911 1685 2946 eolchea
1709 2910 1808 2946 m'elct
1829 2909 1971 2945 hervor-

388 2976 415 3020 ¹)
442 2976 551 3012 Sonst
575 2979 748 3021 Errorius,
775 2979 979 3027 Spottname
995 2982 1066 3027 fiir
1097 2981 1238 3029 Greyor
1262 2981 1345 3017 XII.
1414 3022 1419 3027 ‚

388 3048 416 3096 ²⁴)
442 3046 651 3084 Schottland
671 3051 816 3102 qelzb'rte
842 3053 932 3088 auch
957 3053 1092 3089 dumata
1117 3053 1207 3089 noch
1230 3065 1298 3090 zur
1322 3053 1500 3092 obedien&
1524 3051 1727 3092 Benediktae.
2042 3050 2119 3103 40
