2216 3432
1827 2 1830 3 γ
1901 0 1907 10 ,
1980 10 1982 13 ‚

1810 18 1822 27 n
1867 15 1877 20 ’”
1896 14 1907 26 *⁴
1957 13 1966 20 ¹*
2011 20 2016 27 ι

2128 154 2152 175 ‘5
2173 0 2216 175 ,Ε

412 325 467 366 Et
498 325 544 364 ut
584 321 687 363 certi
725 321 821 371 sint,
862 319 978 372 quod
1018 314 1315 358 sanctissimus
1356 311 1566 355 dominus
1607 311 1779 362 noster,
1824 308 2029 351 dominus

302 394 530 446 Gregorius
560 404 671 445 papa
702 390 779 430 XII
810 390 994 430 mentem
1035 386 1194 427 rectam
1236 386 1278 425 et
1316 395 1471 437 puram
1503 382 1772 424 voluntatem
1811 379 1946 421 habet
1982 378 2030 421 in

299 462 524 517 predictis,
566 462 657 514 ipse
698 458 945 512 magnificus
988 455 1187 498 dominus
1227 453 1359 495 mittit
1400 455 1546 494 certos
1589 451 1740 493 modos
1779 462 1860 503 pro
1901 451 2028 504 parte

300 533 434 584 ipsius
467 529 626 572 domini
657 542 765 581 pape
784 526 973 580 Gregorii
1004 525 1248 579 propositos
1282 523 1516 564 nonnullis,
1569 521 1625 562 Et
1656 519 1718 562 hii
1749 518 1865 562 modi
1898 518 2028 562 effec-

299 600 468 642 tualiter
506 599 676 640 tractati
713 598 884 640 fuerunt
928 609 1005 648 per
1044 594 1234 636 medium
1274 592 1377 634 dicti
1411 590 1628 645 magnifici
1662 589 1836 632 Domini
1869 588 2068 642 Caroli,5

300 672 526 722 antequam
558 655 642 717 ille,
674 667 745 720 qui
778 669 842 708 est
861 668 1008 714 Rome,
1042 664 1280 706 discederet
1312 663 1365 704 de
1388 662 1585 704 Bononia
1599 661 1648 715 ¹),
1682 662 1725 702 et
1758 659 1906 701 sortiri
1939 673 2027 702 non

303 740 545 792 pota-anta)
583 738 799 787 effectum,
842 736 942 789 quia
972 735 1043 776 ille
1074 734 1243 775 volebat
1275 733 1393 774 solus
1432 744 1672 773 convocare
1717 729 1950 772 concilium
1983 731 2028 772 et

301 809 417 849 solus
450 807 623 849 concilio
646 819 818 859 preesse
850 807 891 846 et
922 807 1098 858 propter
1130 805 1241 844 hanc
1274 802 1482 844 duriciem
1504 815 1661 855 guerra
1693 802 1788 842 orta
1821 802 1888 842 est
1910 799 2028 842 inter

299 877 440 930 ipsum
485 876 755 929 magnificum
795 875 1013 916 dominum
1046 874 1247 914 Carolum
1287 874 1328 914 et
1367 872 1625 925 predictum,
1667 870 1744 924 qui
1770 872 1837 911 est
1869 871 2025 923 Rome,

299 946 398 999 quia
435 946 626 996 videbat,
673 946 786 998 quod
824 957 951 985 causa
982 943 1291 985 obstinacionis
1334 956 1411 983 sue
1454 944 1549 984 erat
1581 942 1773 983 humana
1805 940 2096 994 potencia,lO

298 1016 339 1056 in
385 1029 469 1068 qua
509 1015 759 1056 confidebat.
831 1015 883 1055 Et
923 1014 1124 1067 quoniam
1166 1015 1343 1066 propior
1384 1013 1466 1053 hoc
1508 1011 1753 1053 rennuebat
1793 1023 1946 1064 pacem
1980 1012 2024 1053 et

300 1085 501 1125 unionem
524 1085 623 1125 dare
654 1085 811 1137 populo
843 1084 1084 1135 christiano,
1117 1097 1203 1136 que
1236 1083 1317 1124 sibi
1341 1082 1635 1124 offerebantur
1666 1081 1790 1135 equis
1823 1082 1864 1123 et
1897 1081 2025 1123 iustis

299 1154 449 1205 modis,
482 1166 656 1207 sperans
687 1153 726 1194 vi
757 1154 1022 1195 adversarios
1060 1167 1160 1194 suos
1205 1153 1458 1194 conculcare
1497 1154 1539 1193 et
1570 1152 1795 1194 victoriam
1829 1152 1883 1193 de
1915 1150 2024 1205 ipsis

299 1224 526 1275 reportare,
563 1223 697 1263 visum
732 1223 808 1265 fuit
840 1225 1097 1276 oportunum
1134 1223 1328 1276 predicto
1369 1223 1543 1264 domino
1576 1222 1733 1264 Carolo
1765 1221 2023 1264 violenciam

298 1292 410 1332 illins
442 1293 554 1333 iusta
585 1293 828 1334 defensione
861 1294 1065 1346 repellere
1104 1297 1146 1334 et
1185 1294 1301 1334 iusto
1339 1294 1453 1335 bello
1492 1306 1642 1346 pacem
1683 1292 1912 1335 christiani
1944 1297 2093 1347 po-15

298 1360 386 1413 puli
417 1361 631 1414 inquirere
663 1364 703 1403 et
733 1363 952 1416 prosequi,
985 1377 1067 1415 qne
1099 1363 1274 1415 paciiice
1308 1363 1458 1404 haberi
1494 1376 1580 1404 non
1612 1364 1794 1417 poterat.

411 1431 462 1471 Et
487 1430 598 1483 quia,
632 1433 676 1472 ut
699 1433 915 1484 sapiencia
946 1446 1021 1474 sna
1046 1435 1186 1487 potest
1217 1434 1599 1487 comprehendere,
1633 1433 1776 1475 divina
1812 1433 2024 1486 largiente

298 1498 585 1541 misericordia
626 1515 703 1553 per
734 1504 881 1543 modos
919 1503 1163 1556 propositos
1203 1518 1253 1544 ex
1292 1506 1415 1556 parte
1448 1503 1613 1545 domini
1646 1503 1841 1556 Gregorii
1878 1503 2023 1545 conci-

297 1567 398 1608 lium
430 1570 619 1610 redditur
656 1574 816 1612 certum
856 1574 907 1613 de
949 1574 1040 1614 iure
1084 1577 1126 1615 et
1157 1574 1373 1627 integrum
1418 1575 1470 1615 de
1510 1575 1643 1624 sacto,
1685 1575 1789 1627 quia
1828 1588 1915 1616 non
1955 1575 2022 1616 est

297 1637 589 1686 dubitandum,
622 1640 655 1680 si
677 1641 928 1683 obediencia
959 1644 1150 1696 ipsorum
1184 1644 1411 1685 conveniet
1444 1658 1541 1686 cum
1574 1645 1833 1687 obediencia
1856 1645 2092 1691 domini20

295 1706 500 1758 Gregorii,
549 1710 662 1761 quod
703 1711 952 1754 obediencia
984 1713 1089 1757 eius,
1142 1714 1216 1767 qui
1273 1715 1432 1756 dicitur
1485 1716 1686 1756 dominus
1739 1715 2021 1767 Benedictus,

293 1775 534 1832 similiterb)
590 1781 832 1830 conveniat,
891 1785 933 1823 et
983 1784 1136 1825 exinde
1181 1798 1282 1826 vera
1329 1787 1371 1826 et
1413 1785 1659 1827 indubitata
1708 1785 1812 1827 unio
1858 1786 1934 1827 fiet
1977 1788 2023 1828 et

294 1846 434 1886 totalis
467 1848 743 1901 reintegracio
776 1851 999 1893 christiani
1037 1855 1187 1906 populi
1220 1858 1430 1908 sequetur
1469 1858 1513 1897 et
1547 1856 1805 1898 reformacio
1837 1855 2022 1898 ecclesie

294 1913 385 1955 fieri
424 1917 601 1968 poterit,
641 1919 834 1961 obsecrat
879 1923 1144 1964 reverencias
1184 1937 1285 1966 suas
1325 1926 1550 1979 predictus
1594 1926 1850 1981 magnificus
1883 1925 2021 1968 domi-

295 1996 372 2024 nus
404 1985 577 2027 Carolus
609 2001 685 2040 per
715 1989 878 2032 viscera
918 1992 1208 2035 misericordie
1247 1996 1408 2037 domini
1444 1996 1580 2038 nostri
1614 1998 1749 2038 Jhesu
1783 1996 1944 2038 Christi
1978 1998 2021 2038 et.
2035 2001 2089 2043 25

293 2055 483 2104 preciosa
519 2057 666 2099 merita
704 2059 793 2100 eius
834 2062 1138 2114 gloriosissime
1179 2066 1401 2117 genitricis
1449 2069 1487 2108 et
1530 2068 1727 2108 omnium
1767 2068 2020 2109 sanctorum

296 2123 538 2177 electorum,
572 2129 771 2179 quatinus
803 2132 971 2183 operari
1003 2134 1137 2174 velint
1169 2148 1263 2176 cum
1298 2136 1410 2188 suis,
1449 2138 1503 2178 ad
1536 2151 1647 2191 quos
1680 2138 1869 2191 spectat,
1903 2137 2020 2191 quod

291 2204 437 2244 pacem
478 2197 518 2235 et
556 2196 905 2242 reformacionem
947 2204 1124 2245 ecclesie
1172 2205 1337 2261 iustis⁰)
1385 2209 1427 2248 et
1474 2207 1599 2261 equis
1638 2209 1779 2250 modis
1826 2208 2018 2250 oblatam

291 2264 508 2314 acceptare
539 2266 670 2308 velint
701 2270 742 2309 et
772 2272 987 2324 prosequi.

384 2332 447 2408 ‘Si
480 2347 562 2386 que
595 2336 646 2377 de
677 2337 780 2391 ipsis
814 2342 878 2381 vel
910 2341 1055 2395 aliqua
1093 2346 1215 2397 parte
1248 2346 1442 2400 ipsorum
1477 2349 1758 2401 dubitarent,
1798 2349 1945 2392 dicant
1976 2351 2020 2391 et
2033 2353 2090 2396 30

292 2399 393 2476 clari
425 2401 539 2444 fient.
586 2405 638 2446 Et
660 2407 694 2447 si
727 2409 925 2452 meliores
956 2413 1071 2454 modi
1103 2414 1198 2456 istis
1222 2421 1484 2470 apparerent
1517 2418 1593 2470 eis,
1617 2418 1766 2462 dicant
1798 2421 1843 2461 ct
1875 2419 2020 2462 liben-

291 2469 451 2544 t1SS1me
490 2474 732 2518 audientur.
794 2479 846 2520 Et
878 2480 912 2521 si
944 2483 1105 2525 vellent
1133 2486 1323 2539 aliquem
1352 2488 1485 2543 huc2)
1522 2489 1694 2531 mittere
1734 2490 1805 2532 vel
1844 2488 2019 2546 aliquid)

290 2550 479 2614 lpsorum
511 2544 653 2586 venire
690 2547 876 2598 placeret
914 2563 993 2604 pro
1034 2554 1262 2598 efficaciori
1303 2558 1601 2611 predictorum
1639 2560 1818 2611 effectu,
1865 2557 2019 2602 secure

291 2608 456 2650 mittant
487 2614 543 2689 et·
558 2616 744 2668 veniant,
767 2619 866 2671 quia
896 2621 1091 2664 hilariter
1114 2625 1391 2669 videbuntur.
1438 2629 1492 2671 Et
1514 2629 1711 2684 quidque
1734 2630 1830 2683 ipse
1852 2629 2019 2685 magni-

290 2674 401 2754 ficus.
434 2680 629 2724 dominus
674 2698 751 2738 pro
789 2690 964 2741 unione,
1011 2706 1117 2746 pace
1155 2710 1204 2737 ac
1249 2698 1562 2741 reformacionc
1611 2700 1820 2754 predictis
1861 2701 2017 2756 possit,
2033 2705 2088 2748 35

290 2757 403 2786 omni
433 2749 638 2804 tempore,
668 2756 756 2798 toto
788 2760 913 2801 corde
945 2763 1135 2817 totisque
1158 2765 1322 2808 viribus
1354 2782 1401 2810 se
1428 2771 1631 2823 paratum
1664 2770 1842 2814 exhibet
1873 2770 2018 2814 inces-

299 210 353 251 76
704 215 728 249 Ι.
757 214 948 248 Abschnitt.
992 207 1411 252 Unionsverhandlungen
1436 206 1490 240 bis
1519 205 1618 242 1413.

401 2920 430 2951 a)
449 2922 599 2953 poterunt
618 2926 652 2952 Β.
721 2929 754 2963 b)
775 2931 814 2957 In
834 2933 861 2958 Β
879 2933 961 2968 solat
980 2943 1052 2964 non.
1124 2940 1151 2971 c)
1173 2940 1313 2974 Doppelt
1333 2942 1369 2968 Β.
1429 2943 1462 2977 (1)
1484 2943 1525 2971 So
1546 2945 1596 2972 (lie
1616 2945 1862 2974 Konatruktion.

406 2990 431 3033 ¹)
456 2991 536 3026 Man
558 2998 748 3041 verylee'clzc
773 3001 892 3037 leierzu
916 3006 970 3040 die
995 3006 1195 3055 Einleitany
1221 3010 1260 3045 S.
1287 3013 1318 3046 4.

405 3047 431 3094 ²)
456 3048 500 3083 D.
525 3051 555 3085 h.
580 3055 663 3089 nack
689 3056 825 3104 Rimini,
848 3073 899 3096 wo
925 3063 1114 3102 Malatesca
1137 3069 1209 3103 und
1237 3069 1375 3118 Greqor
1401 3073 1473 3107 εἰοΙι
1500 3074 1701 3121 aufkielten·
