2216 3432
338 135 381 172 B.
406 137 473 173 Die
498 138 562 174 der
585 138 728 176 Pariser
754 140 974 178 Universitat
998 143 1223 192 vorgelegten
1250 146 1509 195 Reformplfme.
1548 152 1648 189 1411.
1686 147 1974 193 Nr.32.143

319 243 359 300 [§
392 245 465 301 32]
528 247 640 290 Item
673 249 794 302 quod
823 251 1025 304 prefatus
1058 253 1236 296 libellus
1269 256 1337 298 vel
1367 257 1597 312 tractatus,
1631 261 1684 303 de
1705 275 1794 316 quo
1817 277 1975 318 sermo,

197 328 279 370 per
310 318 517 370 generale
550 319 787 362 concilium
820 320 1081 376 visitandus,
1125 327 1282 379 postea
1311 327 1531 383 visitatus,
1564 330 1748 385 singulis
1781 324 1997 378 ecclesiis¹

196 399 248 429 ac
281 400 436 430 eaium
468 390 653 444 prelatis
686 392 1054 435 communicetur.
1117 395 1196 438 Isti
1220 397 1307 438 duo
1330 399 1504 441 articuli
1523 400 1731 444 videntur
1753 405 1973 459 expedire,

196 458 303 512 quia
346 460 638 514 quamplures
682 463 789 504 sunt
825 462 909 506 vi1i
948 465 1236 509 ecclesiastici
1276 469 1320 510 et
1351 469 1450 512 laici
1487 471 1739 515 huiusmodi
1776 477 1901 528 penis
1934 479 1976 519 et

52 550 89 577 ·,
153 530 436 574 5sentenciis
474 530 664 575 involuti
705 533 975 589 ignorantes,
1024 550 1075 578 ex
1117 538 1201 580 hoc
1240 552 1321 582 sua
1363 554 1452 582 non
1493 546 1780 611 procurantes
1824 560 1975 589 rae-econ

194 600 488 645 ciliacionem.

314 672 352 728 [ξ
386 674 458 730 33]
521 675 633 717 Item
673 677 794 730 quod
828 691 881 740 ex
914 691 1032 720 nunc
1063 692 1144 733 per
1176 680 1436 724 facultatem
1469 683 1734 742 theologiel)
1778 690 1970 741 quatuor

192 743 414 798 eligantur
455 746 677 789 notabiles
717 748 917 802 magistri
959 749 1006 791 in
1037 751 1259 805 theologia
1291 753 1361 795 vel
1392 754 1631 797 baccularii
1663 756 1852 809 formati,
1896 760 1973 813 qui

190 828 334 870 usque
366 817 424 858 ad
455 818 659 872 generale
694 820 934 862 concilium
966 820 1203 875 diligenter
1228 824 1377 866 omnia
1399 826 1442 866 et
1465 826 1638 879 singula
1658 830 1823 881 puncta
1844 828 1976 872 fidem

124 889 178 931 10
191 887 237 928 et
268 900 413 930 mores
446 889 700 942 specialiter
741 893 1062 935 concernencia
1098 892 1144 935 in
1176 893 1304 936 libris
1338 897 1382 936 et
1415 897 1714 939 voluminibus
1748 899 1976 942 doctorum

190 959 413 1014 theologie
446 963 672 1015 contenta,
715 963 769 1004 de
809 963 974 1017 quibus
1012 965 1130 1006 inter
1169 966 1438 1020 sollempnes
1481 968 1685 1010 doctores
1723 983 1882 1024 magna
1912 973 1979 1013 est

189 1031 502 1085 controversia,
539 1032 722 1076 visitent
755 1036 798 1076 et
831 1049 883 1077 ex
916 1035 1086 1077 eisdem
1118 1037 1422 1080 voluminibus
1454 1039 1673 1081 habendis
1706 1043 1872 1094 puncta
1904 1057 1977 1084 ex-

187 1103 364 1145 trahant
394 1102 439 1145 in
472 1104 651 1160 scriptis
684 1105 938 1160 specialiter
971 1108 1234 1163 redigant,²‘)
1267 1110 1318 1150 ut
1350 1110 1557 1163 generale
1591 1112 1829 1154 concilium
1863 1113 1978 1156 circa

188 1171 264 1215 illa
296 1173 509 1218 discuciat
542 1178 587 1218 et
619 1178 899 1220 determinet.
963 1179 1018 1220 Et
1050 1179 1173 1222 istud
1206 1181 1397 1222 multum
1420 1181 1626 1235 expedire
1650 1182 1838 1231 videtur,
1872 1185 1978 1238 quia

120 1244 233 1289 15in
265 1244 540 1300 simplicibus
573 1261 735 1302 magna
767 1248 907 1290 oritur
938 1249 1227 1305 indisposicio
1261 1253 1393 1306 atque
1423 1252 1470 1294 in
1492 1253 1700 1307 religione
1723 1253 1824 1296 fidei
1849 1258 1977 1297 nocet

187 1316 429 1370 vacillacio,
462 1319 767 1373 precipitacio,
800 1319 1078 1377 contenciob)
1112 1324 1155 1364 et
1178 1322 1399 1365 discordia
1431 1324 1477 1365 in
1500 1324 1756 1367 huiusmodi
1780 1326 1976 1368 materiis

185 1386 299 1430 inter
322 1389 537 1433 litteratos
561 1393 696 1446 atque
720 1392 976 1435 scolasticos
1000 1395 1046 1435 et
1068 1393 1261 1436 famosos
1285 1395 1417 1436 viros.
1458 1395 1573 1436 Item
1597 1399 1780 1451 propter
1802 1397 1976 1450 pericu-

186 1459 279 1502 lum
311 1463 582 1516 quandoque
614 1462 741 1505 firme
774 1466 908 1518 atque
941 1464 1184 1518 pertinacis
1214 1465 1467 1507 adhesionis
1498 1468 1555 1509 ad
1582 1481 1713 1509 unam
1741 1468 1974 1524 partem.2)

305 1531 344 1587 [ξ
378 1533 449 1588 34]
514 1535 624 1576 Item
667 1537 787 1589 quod
830 1550 883 1578 ex
925 1550 1043 1578 nunc
1075 1550 1157 1590 per
1190 1537 1526 1579 universitatem
1559 1538 1668 1580 certi
1707 1539 1975 1594 sollempnes

114 1609 170 1650 20
185 1601 443 1660 eliganturc)
467 1605 682 1660 deputati,
715 1607 792 1661 qui
816 1621 869 1649 ex
891 1621 1009 1649 nunc
1032 1607 1125 1650 vias
1149 1610 1194 1650 et
1220 1608 1390 1661 mOdOS,
1415 1609 1578 1662 quibus
1603 1610 1707 1651 unio
1732 1610 1974 1652 Grecorum

183 1687 286 1726 cum
319 1676 490 1719 Latinis
521 1677 674 1720 haberi
705 1679 863 1732 possit,
897 1678 1194 1721 adinveniant
1218 1681 1261 1721 et
1292 1693 1373 1734 per
1408 1679 1746 1722 universitatem
1769 1680 1815 1722 in
1840 1695 1974 1735 gene-

0 1735 10 1796 i
184 1747 265 1789 rali
297 1747 486 1791 concilio
519 1749 789 1803 aperiantur.
853 1750 909 1791 Et
939 1749 1061 1792 istud
1094 1750 1281 1792 multum
1313 1751 1522 1808 expedire
1553 1750 1793 1807 videtum-⁰³)

0 1805 14 1819 '¹
302 1819 340 1874 [ξ
373 1819 444 1875 35]
493 1820 605 1862 Item
627 1824 919 1875 proponatur,
944 1823 992 1864 ut
1015 1821 1061 1863 in
1085 1821 1203 1864 dicto
1227 1822 1420 1875 generali
1444 1822 1630 1864 concilio
1656 1826 1970 1877 prosequatur,

182 1892 233 1933 ut
270 1890 317 1932 in
357 1891 558 1945 qualibet
597 1892 841 1935 cathedrali
880 1892 1067 1935 ecclesia
1104 1895 1181 1935 aut
1222 1893 1407 1936 notabili
1454 1893 1685 1947 collegiata
1726 1896 1973 1937 reservetur

112 1964 167 2007 25
183 1975 272 2004 una
310 1963 540 2016 prebenda
575 1976 657 2018 pro
699 1977 788 2007 uno
829 1964 1012 2006 doctore
1045 1963 1092 2005 in
1124 1964 1343 2018 theologia
1377 1966 1454 2006 aut
1486 1965 1733 2007 baccalario
1768 1966 1972 2020 formato,

182 2033 260 2088 qui
292 2047 461 2077 sacram
495 2035 743 2077 doctrinam
776 2034 822 2076 in
854 2035 1110 2078 huiusmodi
1144 2035 1333 2078 ecclesia
1366 2036 1514 2090 palam
1538 2038 1582 2077 et
1604 2035 1783 2089 publice
1807 2037 1974 2079 habeat

182 2105 328 2159 legere
361 2105 494 2148 certis
528 2106 685 2148 diebus
719 2106 979 2162 septimane.
1045 2107 1100 2149 Et
1130 2106 1176 2149 in
1209 2107 1366 2149 eadem
1397 2106 1584 2149 ecclesia
1607 2106 1693 2149 alia
1715 2109 1973 2150 reservetur

181 2176 413 2230 prebenda
457 2190 539 2232 pro
588 2177 801 2232 magistro
850 2178 896 2220 in
937 2178 1109 2221 artibus
1157 2180 1258 2220 actu
1302 2180 1481 2232 regente
1527 2178 1723 2220 Parisius
1771 2180 1850 2220 aut
1890 2192 1972 2233 pro

182 2247 394 2302 magistro
428 2261 518 2291 non
551 2250 746 2303 regente,
780 2250 855 2304 qui
890 2263 971 2304 per
1003 2249 1288 2303 septennium
1321 2249 1516 2291 Parisius
1548 2251 1664 2291 artes
1697 2250 1863 2302 legerit,
1897 2250 1971 2303 qui

34 2334 37 2353 1
111 2321 262 2372 30per
301 2320 439 2362 totam
478 2319 616 2362 vitam
655 2334 782 2363 suam
820 2321 866 2362 in
905 2321 1061 2363 eadem
1109 2320 1296 2362 ecclesia
1343 2320 1489 2374 palam
1540 2321 1586 2362 et
1631 2319 1808 2373 publice
1856 2321 1972 2374 legat

190 2389 522 2446 philosophiam
564 2391 793 2445 potissime
833 2393 1048 2434 moralem
1088 2405 1170 2447 per
1212 2405 1259 2434 se
1296 2391 1444 2446 ipsum
1481 2391 1528 2433 in
1559 2391 1741 2444 propria
1781 2404 1972 2444 persona

188 2462 258 2504 vel
288 2475 372 2516 per
403 2462 663 2517 magistrum
694 2462 741 2505 in
772 2463 941 2505 artibus
963 2464 1011 2505 in
1033 2476 1137 2505 casu
1161 2462 1355 2517 legitime
1378 2462 1584 2504 absencie
1607 2462 1677 2520 vel
1701 2461 1969 2503 infirmitatis

182 2531 420 2588 proprie.4)
482 2533 573 2576 Iste
612 2534 826 2577 articulus
868 2536 935 2577 est
972 2534 1019 2576 in
1056 2533 1252 2588 generali
1291 2532 1476 2576 concilio
1518 2546 1597 2587 per
1636 2532 1969 2575 universitatem

0 846 16 893 25

0 1014 25 1238 ἓ

0 1308 26 1469 ξ

298 2687 328 2721 a)
348 2686 511 2722 rodegant
529 2688 567 2715 Β.
604 2687 638 2722 b)
658 2688 819 2723 percepta
838 2687 1055 2715 contencione
1075 2688 1112 2715 B.
1150 2687 1179 2722 c)
1201 2686 1369 2722 eligentur
1391 2688 1427 2714 B.

109 2759 165 2803 35
301 2759 328 2803 ¹)
354 2758 403 2793 D.
429 2759 462 2795 Ιι.
487 2758 543 2794 die
571 2759 809 2804 tlaeoloyisclae
837 2757 1007 2792 fak-altat
1029 2758 1094 2793 der
1125 2756 1345 2793 Universiciit
1370 2756 1487 2791 Paris.

301 2829 329 2874 ²)
359 2829 433 2865 Von
456 2831 478 2875 §
501 2829 546 2864 31
575 2829 628 2864 bis
653 2829 732 2864 hier
756 2828 1092 2864 abereinstimmend
1113 2829 1176 2863 mit
1199 2827 1291 2874 Kap.
1318 2827 1365 2862 18
1389 2827 1462 2862 und
1483 2826 1572 2872 Καρ,
1601 2826 1626 2860 2
1649 2826 1714 2870 ἀφ’
1739 2825 1823 2870 Cap.
1841 2825 1967 2870 agend.

299 2900 328 2945 ³)
359 2899 721 2936 Uebereinstimmend
752 2901 816 2935 mit
838 2900 930 2947 Καρ.
955 2899 980 2934 3
1011 2900 1076 2935 der
1102 2899 1187 2945 Cap.
1212 2899 1339 2944 agend.
1393 2897 1466 2943 Vyl.
1492 2897 1618 2931 leierzu
1642 2896 1697 2931 die
1724 2895 1812 2929 kur:
1835 2894 1966 2930 vorher

177 2960 362 3006 yehaltene
394 2959 616 2996 Unionsrede
650 2959 809 2995 Gersons
834 2960 873 2994 in
897 2960 964 2994 (len
989 2959 1109 3006 Opera
1133 2958 1183 3002 II,
1209 2956 1383 2992 141—43.

299 3032 329 3078 ⁴)
360 3031 721 3068 Uebereinstimmend
741 3031 806 3066 mit
828 3030 920 3078 Καρ.
938 3029 990 3066 22
1014 3030 1079 3065 der
1105 3030 1190 3075 Cap.
1216 3028 1342 3075 agend.
1391 3025 1576 3061 Inlzaltlielz
1602 3025 1691 3060 auch
1715 3025 1778 3059 mit
1807 3023 1964 3059 Gersons
