<?xml version="1.0" encoding="UTF-8"?>
<!DOCTYPE html PUBLIC "-//W3C//DTD XHTML 1.0 Transitional//EN"
    "http://www.w3.org/TR/xhtml1/DTD/xhtml1-transitional.dtd">
<html xmlns="http://www.w3.org/1999/xhtml" xml:lang="en" lang="en">
 <head>
  <title>
</title>
<meta http-equiv="Content-Type" content="text/html;charset=utf-8" />
  <meta name='ocr-system' content='tesseract 3.04.00' />
  <meta name='ocr-capabilities' content='ocr_page ocr_carea ocr_par ocr_line ocrx_word'/>
</head>
<body>
  <div class='ocr_page' id='page_1' title='image "./actaconciliicons01counuoft_0044.png"; bbox 0 0 2216 3432; ppageno 0'>
   <div class='ocr_carea' id='block_1_1' title="bbox 1275 0 2216 172">
    <p class='ocr_par' dir='ltr' id='par_1_1' title="bbox 1275 0 2216 172">
     <span class='ocr_line' id='line_1_1' title="bbox 1275 0 2216 172; baseline 0 3260"><span class='ocrx_word' id='word_1_1' title='bbox 1275 0 2216 172; x_wconf 95' lang='lat' dir='ltr'> </span> 
     </span>
    </p>
   </div>
   <div class='ocr_carea' id='block_1_2' title="bbox 246 194 1585 242">
    <p class='ocr_par' dir='ltr' id='par_1_2' title="bbox 246 194 1585 242">
     <span class='ocr_line' id='line_1_2' title="bbox 246 194 1585 242; baseline -0.006 -3"><span class='ocrx_word' id='word_1_2' title='bbox 246 195 302 239; x_wconf 83' lang='grc'>30</span> <span class='ocrx_word' id='word_1_3' title='bbox 650 203 678 238; x_wconf 93' lang='grc' dir='ltr'>Ι.</span> <span class='ocrx_word' id='word_1_4' title='bbox 703 200 900 237; x_wconf 79' lang='lat' dir='ltr'>Abschnttt.</span> <span class='ocrx_word' id='word_1_5' title='bbox 949 196 1377 242; x_wconf 76' lang='lat' dir='ltr'>Unionsverhandlungen</span> <span class='ocrx_word' id='word_1_6' title='bbox 1400 196 1455 231; x_wconf 85' lang='lat' dir='ltr'>bis</span> <span class='ocrx_word' id='word_1_7' title='bbox 1482 194 1585 231; x_wconf 77' lang='lat'>1413.</span> 
     </span>
    </p>
   </div>
   <div class='ocr_carea' id='block_1_3' title="bbox 230 301 2069 2748">
    <p class='ocr_par' dir='ltr' id='par_1_3' title="bbox 230 301 2069 2748">
     <span class='ocr_line' id='line_1_3' title="bbox 247 301 1999 365; baseline -0.005 -10"><span class='ocrx_word' id='word_1_8' title='bbox 247 312 391 362; x_wconf 87' lang='lat' dir='ltr'>michi,</span> <span class='ocrx_word' id='word_1_9' title='bbox 424 320 575 365; x_wconf 86' lang='lat' dir='ltr'>queso,</span> <span class='ocrx_word' id='word_1_10' title='bbox 608 309 749 363; x_wconf 90' lang='lat' dir='ltr'>qualis</span> <span class='ocrx_word' id='word_1_11' title='bbox 783 306 954 348; x_wconf 87' lang='lat' dir='ltr'>dicetur</span> <span class='ocrx_word' id='word_1_12' title='bbox 988 304 1144 346; x_wconf 88' lang='lat' dir='ltr'>divisio</span> <span class='ocrx_word' id='word_1_13' title='bbox 1176 303 1295 357; x_wconf 86' lang='lat' dir='ltr'>apud</span> <span class='ocrx_word' id='word_1_14' title='bbox 1326 316 1415 354; x_wconf 87' lang='lat' dir='ltr'>eos,</span> <span class='ocrx_word' id='word_1_15' title='bbox 1447 302 1484 344; x_wconf 88' lang='lat' dir='ltr'>si</span> <span class='ocrx_word' id='word_1_16' title='bbox 1517 303 1653 346; x_wconf 89' lang='lat' dir='ltr'>talem</span> <span class='ocrx_word' id='word_1_17' title='bbox 1686 301 1839 345; x_wconf 80' lang='lat' dir='ltr'>dicunt</span> <span class='ocrx_word' id='word_1_18' title='bbox 1870 302 1999 346; x_wconf 87' lang='lat' dir='ltr'>unio-</span> 
     </span>
     <span class='ocr_line' id='line_1_4' title="bbox 247 372 1999 434; baseline -0.005 -10"><span class='ocrx_word' id='word_1_19' title='bbox 247 396 368 433; x_wconf 99' lang='lat' dir='ltr'>nem,</span> <span class='ocrx_word' id='word_1_20' title='bbox 409 394 487 434; x_wconf 87' lang='lat' dir='ltr'>per</span> <span class='ocrx_word' id='word_1_21' title='bbox 519 393 649 434; x_wconf 88' lang='lat' dir='ltr'>quam</span> <span class='ocrx_word' id='word_1_22' title='bbox 683 378 745 420; x_wconf 83' lang='lat' dir='ltr'>ita</span> <span class='ocrx_word' id='word_1_23' title='bbox 777 378 945 429; x_wconf 85' lang='lat' dir='ltr'>gestum</span> <span class='ocrx_word' id='word_1_24' title='bbox 977 375 1061 425; x_wconf 85' lang='lat' dir='ltr'>est,</span> <span class='ocrx_word' id='word_1_25' title='bbox 1100 375 1150 415; x_wconf 91' lang='lat' dir='ltr'>ut</span> <span class='ocrx_word' id='word_1_26' title='bbox 1181 373 1303 415; x_wconf 90' lang='lat' dir='ltr'>nulla</span> <span class='ocrx_word' id='word_1_27' title='bbox 1341 372 1432 414; x_wconf 85' lang='lat' dir='ltr'>fere</span> <span class='ocrx_word' id='word_1_28' title='bbox 1465 373 1571 414; x_wconf 87' lang='lat' dir='ltr'>urbs</span> <span class='ocrx_word' id='word_1_29' title='bbox 1609 373 1666 414; x_wconf 91' lang='lat' dir='ltr'>sit</span> <span class='ocrx_word' id='word_1_30' title='bbox 1708 374 1785 415; x_wconf 88' lang='lat' dir='ltr'>aut</span> <span class='ocrx_word' id='word_1_31' title='bbox 1815 372 1999 427; x_wconf 89' lang='lat' dir='ltr'>opidum</span> 
     </span>
     <span class='ocr_line' id='line_1_5' title="bbox 247 443 2041 514; baseline -0.006 -20"><span class='ocrx_word' id='word_1_32' title='bbox 247 454 319 494; x_wconf 90' lang='lat' dir='ltr'>aut</span> <span class='ocrx_word' id='word_1_33' title='bbox 353 465 443 503; x_wconf 91' lang='lat' dir='ltr'>ens,</span> <span class='ocrx_word' id='word_1_34' title='bbox 477 451 521 492; x_wconf 88' lang='lat' dir='ltr'>in</span> <span class='ocrx_word' id='word_1_35' title='bbox 554 450 712 503; x_wconf 90' lang='lat' dir='ltr'>quibus</span> <span class='ocrx_word' id='word_1_36' title='bbox 745 446 819 488; x_wconf 89' lang='lat' dir='ltr'>alii</span> <span class='ocrx_word' id='word_1_37' title='bbox 851 459 937 487; x_wconf 90' lang='lat' dir='ltr'>non</span> <span class='ocrx_word' id='word_1_38' title='bbox 969 457 1120 494; x_wconf 85' lang='lat' dir='ltr'>unum,</span> <span class='ocrx_word' id='word_1_39' title='bbox 1153 443 1227 484; x_wconf 87' lang='lat' dir='ltr'>alii</span> <span class='ocrx_word' id='word_1_40' title='bbox 1259 443 1392 484; x_wconf 88' lang='lat' dir='ltr'>alium</span> <span class='ocrx_word' id='word_1_41' title='bbox 1425 443 1566 485; x_wconf 85' lang='lat' dir='ltr'>ferant</span> <span class='ocrx_word' id='word_1_42' title='bbox 1597 455 1759 497; x_wconf 85' lang='lat' dir='ltr'>papam</span> <span class='ocrx_word' id='word_1_43' title='bbox 1798 445 1841 485; x_wconf 90' lang='lat' dir='ltr'>et</span> <span class='ocrx_word' id='word_1_44' title='bbox 1872 443 1998 485; x_wconf 89' lang='lat' dir='ltr'>multi</span> <span class='ocrx_word' id='word_1_45' title='bbox 2034 505 2041 514; x_wconf 25' lang='grc' dir='ltr'><em>ο</em></span> 
     </span>
     <span class='ocr_line' id='line_1_6' title="bbox 247 512 1999 567; baseline -0.005 -3"><span class='ocrx_word' id='word_1_46' title='bbox 247 523 428 564; x_wconf 91' lang='lat' dir='ltr'>nullum.</span> <span class='ocrx_word' id='word_1_47' title='bbox 503 521 565 561; x_wconf 94' lang='lat' dir='ltr'>De</span> <span class='ocrx_word' id='word_1_48' title='bbox 603 518 756 560; x_wconf 89' lang='lat' dir='ltr'>ceteris</span> <span class='ocrx_word' id='word_1_49' title='bbox 793 516 989 557; x_wconf 87' lang='lat' dir='ltr'>fidelium</span> <span class='ocrx_word' id='word_1_50' title='bbox 1032 512 1271 567; x_wconf 77' lang='lat' dir='ltr'>provinciis</span> <span class='ocrx_word' id='word_1_51' title='bbox 1312 514 1486 554; x_wconf 91' lang='lat' dir='ltr'>tantum</span> <span class='ocrx_word' id='word_1_52' title='bbox 1527 512 1828 555; x_wconf 86' lang='lat' dir='ltr'>refferentium</span> <span class='ocrx_word' id='word_1_53' title='bbox 1875 512 1999 555; x_wconf 85' lang='lat' dir='ltr'>testi-</span> 
     </span>
     <span class='ocr_line' id='line_1_7' title="bbox 247 583 2039 641; baseline -0.005 -8"><span class='ocrx_word' id='word_1_54' title='bbox 247 592 392 633; x_wconf 90' lang='lat' dir='ltr'>monio</span> <span class='ocrx_word' id='word_1_55' title='bbox 424 588 649 631; x_wconf 80' lang='lat' dir='ltr'>testificari</span> <span class='ocrx_word' id='word_1_56' title='bbox 693 599 885 641; x_wconf 84' lang='lat' dir='ltr'>possum.</span> <span class='ocrx_word' id='word_1_57' title='bbox 957 585 1005 625; x_wconf 86' lang='lat' dir='ltr'>In</span> <span class='ocrx_word' id='word_1_58' title='bbox 1038 597 1114 625; x_wconf 91' lang='lat' dir='ltr'>ora</span> <span class='ocrx_word' id='word_1_59' title='bbox 1156 583 1334 636; x_wconf 88' lang='lat' dir='ltr'>quidem</span> <span class='ocrx_word' id='word_1_60' title='bbox 1367 583 1510 625; x_wconf 89' lang='lat' dir='ltr'>Ytalie</span> <span class='ocrx_word' id='word_1_61' title='bbox 1551 583 1714 624; x_wconf 88' lang='lat' dir='ltr'>clarum</span> <span class='ocrx_word' id='word_1_62' title='bbox 1752 584 1838 634; x_wconf 89' lang='lat' dir='ltr'>est,</span> <span class='ocrx_word' id='word_1_63' title='bbox 1879 583 2039 636; x_wconf 87' lang='lat' dir='ltr'>quod5</span> 
     </span>
     <span class='ocr_line' id='line_1_8' title="bbox 247 652 1998 711; baseline -0.005 -8"><span class='ocrx_word' id='word_1_64' title='bbox 247 662 467 703; x_wconf 84' lang='lat' dir='ltr'>neminem</span> <span class='ocrx_word' id='word_1_65' title='bbox 512 671 669 711; x_wconf 89' lang='lat' dir='ltr'>negare</span> <span class='ocrx_word' id='word_1_66' title='bbox 709 659 830 710; x_wconf 87' lang='lat' dir='ltr'>puto.</span> <span class='ocrx_word' id='word_1_67' title='bbox 909 655 1030 701; x_wconf 76' lang='lat' dir='ltr'>Non,</span> <span class='ocrx_word' id='word_1_68' title='bbox 1071 654 1272 706; x_wconf 82' lang='lat' dir='ltr'>inquam,</span> <span class='ocrx_word' id='word_1_69' title='bbox 1314 652 1522 704; x_wconf 76' lang='lat' dir='ltr'>urbibus,</span> <span class='ocrx_word' id='word_1_70' title='bbox 1561 653 1706 706; x_wconf 83' lang='lat' dir='ltr'>opidis</span> <span class='ocrx_word' id='word_1_71' title='bbox 1744 654 1789 694; x_wconf 87' lang='lat' dir='ltr'>et</span> <span class='ocrx_word' id='word_1_72' title='bbox 1821 653 1998 695; x_wconf 85' lang='lat' dir='ltr'>entibus</span> 
     </span>
     <span class='ocr_line' id='line_1_9' title="bbox 245 723 1999 772; baseline -0.004 0"><span class='ocrx_word' id='word_1_73' title='bbox 245 730 442 772; x_wconf 80' lang='lat' dir='ltr'>concives</span> <span class='ocrx_word' id='word_1_74' title='bbox 474 731 516 770; x_wconf 90' lang='lat' dir='ltr'>et</span> <span class='ocrx_word' id='word_1_75' title='bbox 548 728 700 770; x_wconf 78' lang='lat' dir='ltr'>affines</span> <span class='ocrx_word' id='word_1_76' title='bbox 734 727 928 768; x_wconf 89' lang='lat' dir='ltr'>diversas</span> <span class='ocrx_word' id='word_1_77' title='bbox 970 724 1221 765; x_wconf 76' lang='lat' dir='ltr'>habitantes</span> <span class='ocrx_word' id='word_1_78' title='bbox 1255 724 1405 764; x_wconf 90' lang='lat' dir='ltr'>domos</span> <span class='ocrx_word' id='word_1_79' title='bbox 1439 724 1600 765; x_wconf 90' lang='lat' dir='ltr'>scissos</span> <span class='ocrx_word' id='word_1_80' title='bbox 1633 723 1803 772; x_wconf 83' lang='lat' dir='ltr'>animo,</span> <span class='ocrx_word' id='word_1_81' title='bbox 1845 736 1999 765; x_wconf 89' lang='lat' dir='ltr'>verum</span> 
     </span>
     <span class='ocr_line' id='line_1_10' title="bbox 243 794 1999 852; baseline -0.004 -10"><span class='ocrx_word' id='word_1_82' title='bbox 243 802 355 843; x_wconf 84' lang='lat' dir='ltr'>filios</span> <span class='ocrx_word' id='word_1_83' title='bbox 387 813 485 841; x_wconf 90' lang='lat' dir='ltr'>cum</span> <span class='ocrx_word' id='word_1_84' title='bbox 525 798 747 852; x_wconf 86' lang='lat' dir='ltr'>patribus,</span> <span class='ocrx_word' id='word_1_85' title='bbox 779 796 913 838; x_wconf 83' lang='lat' dir='ltr'>fatres</span> <span class='ocrx_word' id='word_1_86' title='bbox 950 808 1050 836; x_wconf 87' lang='lat' dir='ltr'>cum</span> <span class='ocrx_word' id='word_1_87' title='bbox 1086 794 1310 844; x_wconf 73' lang='lat' dir='ltr'>fratribus,</span> <span class='ocrx_word' id='word_1_88' title='bbox 1348 794 1408 835; x_wconf 95' lang='lat' dir='ltr'>ita</span> <span class='ocrx_word' id='word_1_89' title='bbox 1449 796 1492 835; x_wconf 90' lang='lat' dir='ltr'>ut</span> <span class='ocrx_word' id='word_1_90' title='bbox 1518 794 1670 836; x_wconf 83' lang='lat' dir='ltr'>nullos</span> <span class='ocrx_word' id='word_1_91' title='bbox 1701 805 1815 846; x_wconf 92' lang='lat' dir='ltr'>pene</span> <span class='ocrx_word' id='word_1_92' title='bbox 1846 795 1999 846; x_wconf 87' lang='lat' dir='ltr'>putem</span> 
     </span>
     <span class='ocr_line' id='line_1_11' title="bbox 242 862 1999 921; baseline -0.005 -8"><span class='ocrx_word' id='word_1_93' title='bbox 242 872 347 913; x_wconf 92' lang='lat' dir='ltr'>illud</span> <span class='ocrx_word' id='word_1_94' title='bbox 390 883 545 911; x_wconf 87' lang='lat' dir='ltr'>canere</span> <span class='ocrx_word' id='word_1_95' title='bbox 585 881 731 921; x_wconf 87' lang='lat' dir='ltr'>posse:</span> <span class='ocrx_word' id='word_1_96' title='bbox 791 865 896 907; x_wconf 70' lang='lat' dir='ltr'>Ecce</span> <span class='ocrx_word' id='word_1_97' title='bbox 939 880 1061 919; x_wconf 77' lang='lat' dir='ltr'>quam</span> <span class='ocrx_word' id='word_1_98' title='bbox 1105 863 1248 905; x_wconf 76' lang='lat' dir='ltr'>bonnm</span> <span class='ocrx_word' id='word_1_99' title='bbox 1295 870 1332 904; x_wconf 77' lang='lat' dir='ltr'>et</span> <span class='ocrx_word' id='word_1_100' title='bbox 1378 878 1501 918; x_wconf 80' lang='lat' dir='ltr'>quam</span> <span class='ocrx_word' id='word_1_101' title='bbox 1547 863 1764 904; x_wconf 80' lang='lat' dir='ltr'>iocundum</span> <span class='ocrx_word' id='word_1_102' title='bbox 1809 862 1999 905; x_wconf 75' lang='lat' dir='ltr'>habitare</span> 
     </span>
     <span class='ocr_line' id='line_1_12' title="bbox 230 935 2069 996; baseline -0.011 -15"><span class='ocrx_word' id='word_1_103' title='bbox 230 941 395 996; x_wconf 76' lang='lat' dir='ltr'>fratres</span> <span class='ocrx_word' id='word_1_104' title='bbox 425 942 469 980; x_wconf 74' lang='lat' dir='ltr'>in</span> <span class='ocrx_word' id='word_1_105' title='bbox 499 953 636 979; x_wconf 79' lang='lat' dir='ltr'>unum.</span> <span class='ocrx_word' id='word_1_106' title='bbox 653 937 686 992; x_wconf 89' lang='lat'>¹)</span> <span class='ocrx_word' id='word_1_107' title='bbox 2016 935 2069 976; x_wconf 86' lang='lat'>10</span> 
     </span>
     <span class='ocr_line' id='line_1_13' title="bbox 359 1004 1996 1058; baseline -0.003 -7"><span class='ocrx_word' id='word_1_108' title='bbox 359 1012 513 1052; x_wconf 77' lang='lat' dir='ltr'>Fateor</span> <span class='ocrx_word' id='word_1_109' title='bbox 555 1007 754 1050; x_wconf 78' lang='lat' dir='ltr'>sufficere</span> <span class='ocrx_word' id='word_1_110' title='bbox 799 1007 1007 1048; x_wconf 90' lang='lat' dir='ltr'>unionem</span> <span class='ocrx_word' id='word_1_111' title='bbox 1050 1006 1207 1047; x_wconf 84' lang='lat' dir='ltr'>factam</span> <span class='ocrx_word' id='word_1_112' title='bbox 1248 1006 1337 1047; x_wconf 87' lang='lat' dir='ltr'>sore</span> <span class='ocrx_word' id='word_1_113' title='bbox 1381 1006 1435 1046; x_wconf 89' lang='lat' dir='ltr'>de</span> <span class='ocrx_word' id='word_1_114' title='bbox 1478 1004 1595 1055; x_wconf 81' lang='lat' dir='ltr'>iure3</span> <span class='ocrx_word' id='word_1_115' title='bbox 1656 1005 1817 1058; x_wconf 86' lang='lat' dir='ltr'>negant</span> <span class='ocrx_word' id='word_1_116' title='bbox 1856 1005 1996 1056; x_wconf 85' lang='lat' dir='ltr'>multi,</span> 
     </span>
     <span class='ocr_line' id='line_1_14' title="bbox 244 1074 1997 1133; baseline -0.004 -10"><span class='ocrx_word' id='word_1_117' title='bbox 244 1085 287 1124; x_wconf 91' lang='lat' dir='ltr'>et</span> <span class='ocrx_word' id='word_1_118' title='bbox 319 1082 419 1122; x_wconf 75' lang='lat' dir='ltr'>licet</span> <span class='ocrx_word' id='word_1_119' title='bbox 454 1080 600 1133; x_wconf 87' lang='lat' dir='ltr'>plures</span> <span class='ocrx_word' id='word_1_120' title='bbox 633 1078 913 1131; x_wconf 76' lang='lat' dir='ltr'>magistratus</span> <span class='ocrx_word' id='word_1_121' title='bbox 946 1076 990 1117; x_wconf 91' lang='lat' dir='ltr'>in</span> <span class='ocrx_word' id='word_1_122' title='bbox 1022 1076 1151 1116; x_wconf 91' lang='lat' dir='ltr'>unius</span> <span class='ocrx_word' id='word_1_123' title='bbox 1175 1074 1437 1116; x_wconf 86' lang='lat' dir='ltr'>conveniant</span> <span class='ocrx_word' id='word_1_124' title='bbox 1468 1075 1744 1126; x_wconf 72' lang='lat' dir='ltr'>obediencia,</span> <span class='ocrx_word' id='word_1_125' title='bbox 1777 1088 1867 1117; x_wconf 88' lang='lat' dir='ltr'>non</span> <span class='ocrx_word' id='word_1_126' title='bbox 1897 1075 1997 1128; x_wconf 90' lang='lat' dir='ltr'>plu-</span> 
     </span>
     <span class='ocr_line' id='line_1_15' title="bbox 244 1145 1996 1202; baseline -0.003 -9"><span class='ocrx_word' id='word_1_127' title='bbox 244 1152 339 1193; x_wconf 86' lang='lat' dir='ltr'>rimi</span> <span class='ocrx_word' id='word_1_128' title='bbox 379 1153 527 1192; x_wconf 88' lang='lat' dir='ltr'>tamen</span> <span class='ocrx_word' id='word_1_129' title='bbox 566 1148 850 1202; x_wconf 88' lang='lat' dir='ltr'>populorum,</span> <span class='ocrx_word' id='word_1_130' title='bbox 891 1159 1158 1201; x_wconf 84' lang='lat' dir='ltr'>quamquam</span> <span class='ocrx_word' id='word_1_131' title='bbox 1197 1147 1340 1187; x_wconf 89' lang='lat' dir='ltr'>metus</span> <span class='ocrx_word' id='word_1_132' title='bbox 1381 1145 1530 1186; x_wconf 89' lang='lat' dir='ltr'>multis</span> <span class='ocrx_word' id='word_1_133' title='bbox 1572 1146 1801 1187; x_wconf 81' lang='lat' dir='ltr'>silencium</span> <span class='ocrx_word' id='word_1_134' title='bbox 1834 1146 1996 1188; x_wconf 84' lang='lat' dir='ltr'>iubeat.</span> 
     </span>
     <span class='ocr_line' id='line_1_16' title="bbox 248 1215 1995 1272; baseline -0.003 -9"><span class='ocrx_word' id='word_1_135' title='bbox 248 1224 321 1263; x_wconf 83' lang='lat' dir='ltr'>Set</span> <span class='ocrx_word' id='word_1_136' title='bbox 355 1222 515 1271; x_wconf 83' lang='lat' dir='ltr'>dicant,</span> <span class='ocrx_word' id='word_1_137' title='bbox 549 1232 698 1272; x_wconf 86' lang='lat' dir='ltr'>queso,</span> <span class='ocrx_word' id='word_1_138' title='bbox 739 1231 872 1271; x_wconf 86' lang='lat' dir='ltr'>quare</span> <span class='ocrx_word' id='word_1_139' title='bbox 905 1217 1060 1258; x_wconf 88' lang='lat' dir='ltr'>scisma</span> <span class='ocrx_word' id='word_1_140' title='bbox 1098 1215 1326 1269; x_wconf 79' lang='lat' dir='ltr'>quodlibet</span> <span class='ocrx_word' id='word_1_141' title='bbox 1359 1216 1520 1257; x_wconf 89' lang='lat' dir='ltr'>factum</span> <span class='ocrx_word' id='word_1_142' title='bbox 1554 1217 1640 1264; x_wconf 79' lang='lat' dir='ltr'>est,</span> <span class='ocrx_word' id='word_1_143' title='bbox 1679 1215 1762 1257; x_wconf 89' lang='lat' dir='ltr'>nisi</span> <span class='ocrx_word' id='word_1_144' title='bbox 1806 1217 1909 1270; x_wconf 85' lang='lat' dir='ltr'>quia</span> <span class='ocrx_word' id='word_1_145' title='bbox 1941 1216 1995 1258; x_wconf 85' lang='lat' dir='ltr'>de</span> 
     </span>
     <span class='ocr_line' id='line_1_17' title="bbox 244 1287 2066 1341; baseline -0.002 -8"><span class='ocrx_word' id='word_1_146' title='bbox 244 1293 356 1333; x_wconf 87' lang='lat' dir='ltr'>facto</span> <span class='ocrx_word' id='word_1_147' title='bbox 389 1290 643 1332; x_wconf 85' lang='lat' dir='ltr'>sancciones</span> <span class='ocrx_word' id='word_1_148' title='bbox 682 1289 822 1341; x_wconf 83' lang='lat' dir='ltr'>legum</span> <span class='ocrx_word' id='word_1_149' title='bbox 862 1287 1020 1328; x_wconf 74' lang='lat' dir='ltr'>violate</span> <span class='ocrx_word' id='word_1_150' title='bbox 1053 1290 1168 1328; x_wconf 86' lang='lat' dir='ltr'>sunt.</span> <span class='ocrx_word' id='word_1_151' title='bbox 1240 1287 1572 1328; x_wconf 76' lang='lat' dir='ltr'>Occurrendum</span> <span class='ocrx_word' id='word_1_152' title='bbox 1606 1300 1709 1340; x_wconf 85' lang='lat' dir='ltr'>ergo</span> <span class='ocrx_word' id='word_1_153' title='bbox 1741 1287 1895 1340; x_wconf 87' lang='lat' dir='ltr'>pocius</span> <span class='ocrx_word' id='word_1_154' title='bbox 1928 1288 2066 1329; x_wconf 81' lang='lat' dir='ltr'>est15</span> 
     </span>
     <span class='ocr_line' id='line_1_18' title="bbox 244 1356 1996 1415; baseline -0.002 -12"><span class='ocrx_word' id='word_1_155' title='bbox 244 1361 580 1415; x_wconf 77' lang='lat' dir='ltr'>impedimento,</span> <span class='ocrx_word' id='word_1_156' title='bbox 622 1359 829 1412; x_wconf 88' lang='lat' dir='ltr'>quoniam</span> <span class='ocrx_word' id='word_1_157' title='bbox 860 1357 1040 1411; x_wconf 83' lang='lat' dir='ltr'>pacifice</span> <span class='ocrx_word' id='word_1_158' title='bbox 1071 1357 1163 1398; x_wconf 81' lang='lat' dir='ltr'>sieri</span> <span class='ocrx_word' id='word_1_159' title='bbox 1196 1358 1363 1410; x_wconf 83' lang='lat' dir='ltr'>potest,</span> <span class='ocrx_word' id='word_1_160' title='bbox 1405 1370 1537 1410; x_wconf 85' lang='lat' dir='ltr'>quam</span> <span class='ocrx_word' id='word_1_161' title='bbox 1580 1358 1824 1410; x_wconf 84' lang='lat' dir='ltr'>peregrinis</span> <span class='ocrx_word' id='word_1_162' title='bbox 1866 1356 1996 1399; x_wconf 87' lang='lat' dir='ltr'>editis</span> 
     </span>
     <span class='ocr_line' id='line_1_19' title="bbox 244 1427 1996 1482; baseline -0.002 -9"><span class='ocrx_word' id='word_1_163' title='bbox 244 1433 427 1473; x_wconf 85' lang='lat' dir='ltr'>aliorum</span> <span class='ocrx_word' id='word_1_164' title='bbox 466 1428 794 1482; x_wconf 86' lang='lat' dir='ltr'>dampnacioni,</span> <span class='ocrx_word' id='word_1_165' title='bbox 839 1441 923 1481; x_wconf 88' lang='lat' dir='ltr'>que</span> <span class='ocrx_word' id='word_1_166' title='bbox 963 1429 1056 1468; x_wconf 82' lang='lat' dir='ltr'>sine</span> <span class='ocrx_word' id='word_1_167' title='bbox 1098 1427 1474 1469; x_wconf 81' lang='lat' dir='ltr'>conscienciarnm</span> <span class='ocrx_word' id='word_1_168' title='bbox 1522 1427 1721 1479; x_wconf 84' lang='lat' dir='ltr'>rubigine</span> <span class='ocrx_word' id='word_1_169' title='bbox 1767 1441 1854 1470; x_wconf 93' lang='lat' dir='ltr'>non</span> <span class='ocrx_word' id='word_1_170' title='bbox 1894 1439 1996 1481; x_wconf 91' lang='lat' dir='ltr'>pro-</span> 
     </span>
     <span class='ocr_line' id='line_1_20' title="bbox 242 1498 1995 1552; baseline -0.002 -9"><span class='ocrx_word' id='word_1_171' title='bbox 242 1502 366 1543; x_wconf 87' lang='lat' dir='ltr'>cedit.</span> <span class='ocrx_word' id='word_1_172' title='bbox 438 1501 605 1542; x_wconf 87' lang='lat' dir='ltr'>Iudicet</span> <span class='ocrx_word' id='word_1_173' title='bbox 645 1499 833 1552; x_wconf 84' lang='lat' dir='ltr'>quisque</span> <span class='ocrx_word' id='word_1_174' title='bbox 869 1500 1071 1548; x_wconf 80' lang='lat' dir='ltr'>vestrum,</span> <span class='ocrx_word' id='word_1_175' title='bbox 1114 1498 1345 1550; x_wconf 85' lang='lat' dir='ltr'>deprecor,</span> <span class='ocrx_word' id='word_1_176' title='bbox 1385 1498 1677 1546; x_wconf 83' lang='lat' dir='ltr'>dilectissimi,</span> <span class='ocrx_word' id='word_1_177' title='bbox 1721 1511 1851 1551; x_wconf 81' lang='lat' dir='ltr'>quam</span> <span class='ocrx_word' id='word_1_178' title='bbox 1894 1511 1995 1552; x_wconf 86' lang='lat' dir='ltr'>pre-</span> 
     </span>
     <span class='ocr_line' id='line_1_21' title="bbox 242 1567 1996 1623; baseline -0.001 -11"><span class='ocrx_word' id='word_1_179' title='bbox 242 1571 435 1612; x_wconf 77' lang='lat' dir='ltr'>stancius</span> <span class='ocrx_word' id='word_1_180' title='bbox 468 1570 725 1622; x_wconf 84' lang='lat' dir='ltr'>feliciusque</span> <span class='ocrx_word' id='word_1_181' title='bbox 749 1569 858 1610; x_wconf 89' lang='lat' dir='ltr'>foret</span> <span class='ocrx_word' id='word_1_182' title='bbox 890 1568 1109 1610; x_wconf 85' lang='lat' dir='ltr'>mentibus</span> <span class='ocrx_word' id='word_1_183' title='bbox 1132 1568 1430 1621; x_wconf 85' lang='lat' dir='ltr'>quorumlibet</span> <span class='ocrx_word' id='word_1_184' title='bbox 1463 1568 1620 1609; x_wconf 87' lang='lat' dir='ltr'>scisma</span> <span class='ocrx_word' id='word_1_185' title='bbox 1648 1569 1790 1610; x_wconf 86' lang='lat' dir='ltr'>sedari</span> <span class='ocrx_word' id='word_1_186' title='bbox 1816 1567 1996 1623; x_wconf 87' lang='lat' dir='ltr'>pacifice</span> 
     </span>
     <span class='ocr_line' id='line_1_22' title="bbox 244 1638 2068 1692; baseline 0 -10"><span class='ocrx_word' id='word_1_187' title='bbox 244 1644 287 1682; x_wconf 90' lang='lat' dir='ltr'>et</span> <span class='ocrx_word' id='word_1_188' title='bbox 320 1640 595 1690; x_wconf 79' lang='lat' dir='ltr'>unanimiter,</span> <span class='ocrx_word' id='word_1_189' title='bbox 633 1652 760 1692; x_wconf 89' lang='lat' dir='ltr'>quam</span> <span class='ocrx_word' id='word_1_190' title='bbox 794 1639 958 1679; x_wconf 83' lang='lat' dir='ltr'>incerta</span> <span class='ocrx_word' id='word_1_191' title='bbox 999 1638 1145 1679; x_wconf 90' lang='lat' dir='ltr'>iudicii</span> <span class='ocrx_word' id='word_1_192' title='bbox 1178 1638 1266 1686; x_wconf 81' lang='lat' dir='ltr'>via:</span> <span class='ocrx_word' id='word_1_193' title='bbox 1315 1638 1576 1692; x_wconf 86' lang='lat' dir='ltr'>inspiciatur</span> <span class='ocrx_word' id='word_1_194' title='bbox 1622 1641 1742 1681; x_wconf 81' lang='lat' dir='ltr'>totus</span> <span class='ocrx_word' id='word_1_195' title='bbox 1779 1640 1996 1682; x_wconf 84' lang='lat' dir='ltr'>tractatus</span> <span class='ocrx_word' id='word_1_196' title='bbox 2011 1640 2068 1682; x_wconf 78' lang='lat'>20</span> 
     </span>
     <span class='ocr_line' id='line_1_23' title="bbox 246 1708 1996 1763; baseline 0 -12"><span class='ocrx_word' id='word_1_197' title='bbox 246 1711 400 1751; x_wconf 79' lang='lat' dir='ltr'>eximie</span> <span class='ocrx_word' id='word_1_198' title='bbox 434 1709 729 1751; x_wconf 80' lang='lat' dir='ltr'>universitatis</span> <span class='ocrx_word' id='word_1_199' title='bbox 755 1708 1080 1763; x_wconf 73' lang='lat' dir='ltr'>Pa1·isiensis,2)</span> <span class='ocrx_word' id='word_1_200' title='bbox 1113 1722 1256 1758; x_wconf 82' lang='lat' dir='ltr'>exoro,</span> <span class='ocrx_word' id='word_1_201' title='bbox 1290 1709 1393 1750; x_wconf 85' lang='lat' dir='ltr'>olim</span> <span class='ocrx_word' id='word_1_202' title='bbox 1417 1709 1574 1758; x_wconf 86' lang='lat' dir='ltr'>editus,</span> <span class='ocrx_word' id='word_1_203' title='bbox 1607 1722 1706 1751; x_wconf 89' lang='lat' dir='ltr'>cum</span> <span class='ocrx_word' id='word_1_204' title='bbox 1730 1709 1996 1752; x_wconf 83' lang='lat' dir='ltr'>adinvenere</span> 
     </span>
     <span class='ocr_line' id='line_1_24' title="bbox 241 1779 1995 1834; baseline 0.001 -14"><span class='ocrx_word' id='word_1_205' title='bbox 241 1780 430 1832; x_wconf 86' lang='lat' dir='ltr'>primum</span> <span class='ocrx_word' id='word_1_206' title='bbox 471 1780 584 1821; x_wconf 89' lang='lat' dir='ltr'>viam</span> <span class='ocrx_word' id='word_1_207' title='bbox 631 1780 858 1820; x_wconf 91' lang='lat' dir='ltr'>concordis</span> <span class='ocrx_word' id='word_1_208' title='bbox 906 1779 1136 1827; x_wconf 75' lang='lat' dir='ltr'>cessionis3</span> <span class='ocrx_word' id='word_1_209' title='bbox 1184 1781 1227 1820; x_wconf 90' lang='lat' dir='ltr'>et</span> <span class='ocrx_word' id='word_1_210' title='bbox 1271 1780 1388 1832; x_wconf 83' lang='lat' dir='ltr'>quod</span> <span class='ocrx_word' id='word_1_211' title='bbox 1437 1780 1572 1821; x_wconf 89' lang='lat' dir='ltr'>semel</span> <span class='ocrx_word' id='word_1_212' title='bbox 1620 1780 1875 1822; x_wconf 84' lang='lat' dir='ltr'>conclusum</span> <span class='ocrx_word' id='word_1_213' title='bbox 1915 1783 1995 1834; x_wconf 89' lang='lat' dir='ltr'>est,</span> 
     </span>
     <span class='ocr_line' id='line_1_25' title="bbox 243 1849 1995 1902; baseline 0.001 -11"><span class='ocrx_word' id='word_1_214' title='bbox 243 1850 459 1891; x_wconf 87' lang='lat' dir='ltr'>reminisci</span> <span class='ocrx_word' id='word_1_215' title='bbox 492 1863 575 1891; x_wconf 90' lang='lat' dir='ltr'>non</span> <span class='ocrx_word' id='word_1_216' title='bbox 610 1850 769 1890; x_wconf 88' lang='lat' dir='ltr'>tedeat.</span> <span class='ocrx_word' id='word_1_217' title='bbox 830 1851 907 1889; x_wconf 77' lang='lat' dir='ltr'>Set</span> <span class='ocrx_word' id='word_1_218' title='bbox 940 1849 975 1889; x_wconf 85' lang='lat' dir='ltr'>si</span> <span class='ocrx_word' id='word_1_219' title='bbox 1001 1850 1099 1902; x_wconf 87' lang='lat' dir='ltr'>quis</span> <span class='ocrx_word' id='word_1_220' title='bbox 1123 1849 1293 1899; x_wconf 82' lang='lat' dir='ltr'>dixerit,</span> <span class='ocrx_word' id='word_1_221' title='bbox 1332 1852 1437 1890; x_wconf 87' lang='lat' dir='ltr'>tunc</span> <span class='ocrx_word' id='word_1_222' title='bbox 1475 1850 1656 1891; x_wconf 88' lang='lat' dir='ltr'>dubium</span> <span class='ocrx_word' id='word_1_223' title='bbox 1681 1853 1774 1892; x_wconf 88' lang='lat' dir='ltr'>erat</span> <span class='ocrx_word' id='word_1_224' title='bbox 1806 1851 1859 1892; x_wconf 86' lang='lat' dir='ltr'>de</span> <span class='ocrx_word' id='word_1_225' title='bbox 1892 1865 1995 1893; x_wconf 89' lang='lat' dir='ltr'>con-</span> 
     </span>
     <span class='ocr_line' id='line_1_26' title="bbox 243 1919 1995 1976; baseline 0.001 -15"><span class='ocrx_word' id='word_1_226' title='bbox 243 1920 522 1961; x_wconf 83' lang='lat' dir='ltr'>tendencium</span> <span class='ocrx_word' id='word_1_227' title='bbox 553 1919 667 1970; x_wconf 79' lang='lat' dir='ltr'>iure,</span> <span class='ocrx_word' id='word_1_228' title='bbox 711 1920 747 1960; x_wconf 83' lang='lat' dir='ltr'>si</span> <span class='ocrx_word' id='word_1_229' title='bbox 780 1920 1096 1960; x_wconf 82' lang='lat' dir='ltr'>contendentes</span> <span class='ocrx_word' id='word_1_230' title='bbox 1130 1919 1296 1969; x_wconf 86' lang='lat' dir='ltr'>absint,</span> <span class='ocrx_word' id='word_1_231' title='bbox 1336 1920 1372 1960; x_wconf 91' lang='lat' dir='ltr'>si</span> <span class='ocrx_word' id='word_1_232' title='bbox 1418 1920 1602 1962; x_wconf 90' lang='lat' dir='ltr'>dubium</span> <span class='ocrx_word' id='word_1_233' title='bbox 1640 1934 1769 1963; x_wconf 89' lang='lat' dir='ltr'>omne</span> <span class='ocrx_word' id='word_1_234' title='bbox 1802 1921 1995 1976; x_wconf 90' lang='lat' dir='ltr'>sopitum</span> 
     </span>
     <span class='ocr_line' id='line_1_27' title="bbox 245 1990 2063 2043; baseline 0.002 -13"><span class='ocrx_word' id='word_1_235' title='bbox 245 1992 324 2040; x_wconf 82' lang='lat' dir='ltr'>est,</span> <span class='ocrx_word' id='word_1_236' title='bbox 358 1991 393 2031; x_wconf 88' lang='lat' dir='ltr'>si</span> <span class='ocrx_word' id='word_1_237' title='bbox 427 1992 544 2031; x_wconf 84' lang='lat' dir='ltr'>certa</span> <span class='ocrx_word' id='word_1_238' title='bbox 577 1990 680 2030; x_wconf 89' lang='lat' dir='ltr'>unio</span> <span class='ocrx_word' id='word_1_239' title='bbox 714 1990 825 2030; x_wconf 86' lang='lat' dir='ltr'>facta</span> <span class='ocrx_word' id='word_1_240' title='bbox 857 1992 936 2039; x_wconf 79' lang='lat' dir='ltr'>est,</span> <span class='ocrx_word' id='word_1_241' title='bbox 970 1990 1005 2030; x_wconf 77' lang='lat' dir='ltr'>si</span> <span class='ocrx_word' id='word_1_242' title='bbox 1039 1990 1312 2031; x_wconf 84' lang='lat' dir='ltr'>consciencie</span> <span class='ocrx_word' id='word_1_243' title='bbox 1344 1990 1538 2032; x_wconf 81' lang='lat' dir='ltr'>fidelium</span> <span class='ocrx_word' id='word_1_244' title='bbox 1573 1991 1689 2032; x_wconf 89' lang='lat' dir='ltr'>clare</span> <span class='ocrx_word' id='word_1_245' title='bbox 1722 1995 1846 2043; x_wconf 90' lang='lat' dir='ltr'>sunt,</span> <span class='ocrx_word' id='word_1_246' title='bbox 1880 1993 1994 2034; x_wconf 84' lang='lat' dir='ltr'>circa</span> <span class='ocrx_word' id='word_1_247' title='bbox 2009 1993 2063 2034; x_wconf 72' lang='lat'>25</span> 
     </span>
     <span class='ocr_line' id='line_1_28' title="bbox 242 2059 1993 2112; baseline 0.002 -12"><span class='ocrx_word' id='word_1_248' title='bbox 242 2060 321 2101; x_wconf 88' lang='lat' dir='ltr'>hoc</span> <span class='ocrx_word' id='word_1_249' title='bbox 360 2059 660 2112; x_wconf 85' lang='lat' dir='ltr'>unusquisque</span> <span class='ocrx_word' id='word_1_250' title='bbox 705 2061 894 2100; x_wconf 81' lang='lat' dir='ltr'>vestrum</span> <span class='ocrx_word' id='word_1_251' title='bbox 942 2060 1117 2101; x_wconf 86' lang='lat' dir='ltr'>iudicet.</span> <span class='ocrx_word' id='word_1_252' title='bbox 1197 2061 1365 2102; x_wconf 80' lang='lat' dir='ltr'>Iudicet</span> <span class='ocrx_word' id='word_1_253' title='bbox 1412 2063 1455 2102; x_wconf 85' lang='lat' dir='ltr'>et</span> <span class='ocrx_word' id='word_1_254' title='bbox 1498 2062 1687 2103; x_wconf 86' lang='lat' dir='ltr'>fateatur</span> <span class='ocrx_word' id='word_1_255' title='bbox 1728 2075 1812 2104; x_wconf 91' lang='lat' dir='ltr'>non</span> <span class='ocrx_word' id='word_1_256' title='bbox 1862 2062 1993 2105; x_wconf 88' lang='lat' dir='ltr'>licere</span> 
     </span>
     <span class='ocr_line' id='line_1_29' title="bbox 244 2129 1994 2186; baseline 0.002 -16"><span class='ocrx_word' id='word_1_257' title='bbox 244 2130 431 2182; x_wconf 87' lang='lat' dir='ltr'>amplius</span> <span class='ocrx_word' id='word_1_258' title='bbox 473 2130 525 2170; x_wconf 85' lang='lat' dir='ltr'>de</span> <span class='ocrx_word' id='word_1_259' title='bbox 565 2129 723 2170; x_wconf 89' lang='lat' dir='ltr'>unione</span> <span class='ocrx_word' id='word_1_260' title='bbox 756 2132 876 2171; x_wconf 83' lang='lat' dir='ltr'>certa</span> <span class='ocrx_word' id='word_1_261' title='bbox 914 2130 1182 2182; x_wconf 81' lang='lat' dir='ltr'>perficienda</span> <span class='ocrx_word' id='word_1_262' title='bbox 1225 2133 1426 2173; x_wconf 81' lang='lat' dir='ltr'>tractare.</span> <span class='ocrx_word' id='word_1_263' title='bbox 1490 2133 1650 2173; x_wconf 80' lang='lat' dir='ltr'>Verum</span> <span class='ocrx_word' id='word_1_264' title='bbox 1693 2132 1800 2186; x_wconf 90' lang='lat' dir='ltr'>quia</span> <span class='ocrx_word' id='word_1_265' title='bbox 1842 2133 1994 2175; x_wconf 90' lang='lat' dir='ltr'>dicunt</span> 
     </span>
     <span class='ocr_line' id='line_1_30' title="bbox 248 2199 1993 2253; baseline 0.003 -13"><span class='ocrx_word' id='word_1_266' title='bbox 248 2213 331 2240; x_wconf 89' lang='lat' dir='ltr'>non</span> <span class='ocrx_word' id='word_1_267' title='bbox 367 2199 494 2240; x_wconf 82' lang='lat' dir='ltr'>licere</span> <span class='ocrx_word' id='word_1_268' title='bbox 535 2199 752 2240; x_wconf 74' lang='lat' dir='ltr'>subiectos</span> <span class='ocrx_word' id='word_1_269' title='bbox 786 2200 838 2241; x_wconf 88' lang='lat' dir='ltr'>de</span> <span class='ocrx_word' id='word_1_270' title='bbox 871 2200 1050 2241; x_wconf 83' lang='lat' dir='ltr'>ecclesie</span> <span class='ocrx_word' id='word_1_271' title='bbox 1082 2202 1397 2243; x_wconf 73' lang='lat' dir='ltr'>reformacione</span> <span class='ocrx_word' id='word_1_272' title='bbox 1437 2204 1626 2243; x_wconf 88' lang='lat' dir='ltr'>tractare</span> <span class='ocrx_word' id='word_1_273' title='bbox 1658 2205 1754 2253; x_wconf 62' lang='lat' dir='ltr'>etc„</span> <span class='ocrx_word' id='word_1_274' title='bbox 1788 2203 1824 2244; x_wconf 91' lang='lat' dir='ltr'>si</span> <span class='ocrx_word' id='word_1_275' title='bbox 1858 2203 1993 2245; x_wconf 81' lang='lat' dir='ltr'>semel</span> 
     </span>
     <span class='ocr_line' id='line_1_31' title="bbox 247 2269 1990 2323; baseline 0.003 -13"><span class='ocrx_word' id='word_1_276' title='bbox 247 2271 482 2310; x_wconf 88' lang='lat' dir='ltr'>sanxerunt</span> <span class='ocrx_word' id='word_1_277' title='bbox 531 2269 574 2309; x_wconf 89' lang='lat' dir='ltr'>in</span> <span class='ocrx_word' id='word_1_278' title='bbox 624 2270 932 2322; x_wconf 85' lang='lat' dir='ltr'>negligenciam</span> <span class='ocrx_word' id='word_1_279' title='bbox 980 2271 1250 2323; x_wconf 71' lang='lat' dir='ltr'>prelatorum</span> <span class='ocrx_word' id='word_1_280' title='bbox 1301 2273 1382 2314; x_wconf 85' lang='lat' dir='ltr'>hoc</span> <span class='ocrx_word' id='word_1_281' title='bbox 1428 2273 1593 2313; x_wconf 89' lang='lat' dir='ltr'>habere</span> <span class='ocrx_word' id='word_1_282' title='bbox 1628 2286 1707 2315; x_wconf 89' lang='lat' dir='ltr'>nec</span> <span class='ocrx_word' id='word_1_283' title='bbox 1753 2274 1990 2316; x_wconf 89' lang='lat' dir='ltr'>tremulum</span> 
     </span>
     <span class='ocr_line' id='line_1_32' title="bbox 241 2339 2065 2398; baseline 0.004 -19"><span class='ocrx_word' id='word_1_284' title='bbox 241 2339 421 2380; x_wconf 88' lang='lat' dir='ltr'>ecclesie</span> <span class='ocrx_word' id='word_1_285' title='bbox 454 2341 585 2392; x_wconf 85' lang='lat' dir='ltr'>caput</span> <span class='ocrx_word' id='word_1_286' title='bbox 617 2339 759 2381; x_wconf 85' lang='lat' dir='ltr'>facere</span> <span class='ocrx_word' id='word_1_287' title='bbox 791 2343 1015 2394; x_wconf 73' lang='lat' dir='ltr'>pertesum</span> <span class='ocrx_word' id='word_1_288' title='bbox 1045 2344 1124 2392; x_wconf 79' lang='lat' dir='ltr'>est,</span> <span class='ocrx_word' id='word_1_289' title='bbox 1159 2345 1206 2383; x_wconf 91' lang='lat' dir='ltr'>ut</span> <span class='ocrx_word' id='word_1_290' title='bbox 1239 2343 1424 2395; x_wconf 83' lang='lat' dir='ltr'>simplex</span> <span class='ocrx_word' id='word_1_291' title='bbox 1458 2343 1714 2385; x_wconf 88' lang='lat' dir='ltr'>scandalum</span> <span class='ocrx_word' id='word_1_292' title='bbox 1748 2344 1993 2398; x_wconf 86' lang='lat' dir='ltr'>tolleretur,</span> <span class='ocrx_word' id='word_1_293' title='bbox 2009 2345 2065 2386; x_wconf 88' lang='lat'>30</span> 
     </span>
     <span class='ocr_line' id='line_1_33' title="bbox 241 2411 1995 2465; baseline 0.005 -16"><span class='ocrx_word' id='word_1_294' title='bbox 241 2421 374 2461; x_wconf 89' lang='lat' dir='ltr'>quare</span> <span class='ocrx_word' id='word_1_295' title='bbox 407 2422 507 2462; x_wconf 87' lang='lat' dir='ltr'>ergo</span> <span class='ocrx_word' id='word_1_296' title='bbox 540 2423 655 2450; x_wconf 87' lang='lat' dir='ltr'>nnnc</span> <span class='ocrx_word' id='word_1_297' title='bbox 689 2423 775 2451; x_wconf 90' lang='lat' dir='ltr'>non</span> <span class='ocrx_word' id='word_1_298' title='bbox 817 2411 976 2464; x_wconf 84' lang='lat' dir='ltr'>magis,</span> <span class='ocrx_word' id='word_1_299' title='bbox 1026 2414 1072 2452; x_wconf 87' lang='lat' dir='ltr'>nt</span> <span class='ocrx_word' id='word_1_300' title='bbox 1111 2413 1347 2465; x_wconf 83' lang='lat' dir='ltr'>duplicata,</span> <span class='ocrx_word' id='word_1_301' title='bbox 1389 2413 1476 2454; x_wconf 77' lang='lat' dir='ltr'>vita</span> <span class='ocrx_word' id='word_1_302' title='bbox 1523 2416 1567 2455; x_wconf 91' lang='lat' dir='ltr'>et</span> <span class='ocrx_word' id='word_1_303' title='bbox 1610 2414 1829 2465; x_wconf 83' lang='lat' dir='ltr'>scismate,</span> <span class='ocrx_word' id='word_1_304' title='bbox 1872 2415 1995 2457; x_wconf 84' lang='lat' dir='ltr'>aufe-</span> 
     </span>
     <span class='ocr_line' id='line_1_34' title="bbox 241 2479 1994 2537; baseline 0.005 -19"><span class='ocrx_word' id='word_1_305' title='bbox 241 2480 391 2519; x_wconf 88' lang='lat' dir='ltr'>rantur</span> <span class='ocrx_word' id='word_1_306' title='bbox 422 2481 464 2519; x_wconf 92' lang='lat' dir='ltr'>et</span> <span class='ocrx_word' id='word_1_307' title='bbox 496 2479 622 2532; x_wconf 79' lang='lat' dir='ltr'>quies</span> <span class='ocrx_word' id='word_1_308' title='bbox 654 2483 773 2522; x_wconf 88' lang='lat' dir='ltr'>certa</span> <span class='ocrx_word' id='word_1_309' title='bbox 806 2482 1015 2522; x_wconf 88' lang='lat' dir='ltr'>reddatur</span> <span class='ocrx_word' id='word_1_310' title='bbox 1048 2482 1229 2524; x_wconf 81' lang='lat' dir='ltr'>ecclesie</span> <span class='ocrx_word' id='word_1_311' title='bbox 1262 2483 1649 2537; x_wconf 84' lang='lat' dir='ltr'>tranquillitasque</span> <span class='ocrx_word' id='word_1_312' title='bbox 1679 2484 1994 2526; x_wconf 80' lang='lat' dir='ltr'>conscienciis?</span> 
     </span>
     <span class='ocr_line' id='line_1_35' title="bbox 241 2548 1994 2603; baseline 0.005 -15"><span class='ocrx_word' id='word_1_313' title='bbox 241 2548 379 2589; x_wconf 89' lang='lat' dir='ltr'>Aiunt</span> <span class='ocrx_word' id='word_1_314' title='bbox 425 2552 639 2598; x_wconf 76' lang='lat' dir='ltr'>ceterum,</span> <span class='ocrx_word' id='word_1_315' title='bbox 686 2551 801 2603; x_wconf 89' lang='lat' dir='ltr'>quod</span> <span class='ocrx_word' id='word_1_316' title='bbox 850 2552 1031 2593; x_wconf 87' lang='lat' dir='ltr'>ecclesia</span> <span class='ocrx_word' id='word_1_317' title='bbox 1080 2554 1307 2594; x_wconf 82' lang='lat' dir='ltr'>reformari</span> <span class='ocrx_word' id='word_1_318' title='bbox 1356 2554 1400 2595; x_wconf 90' lang='lat' dir='ltr'>in</span> <span class='ocrx_word' id='word_1_319' title='bbox 1442 2554 1626 2596; x_wconf 89' lang='lat' dir='ltr'>concilio</span> <span class='ocrx_word' id='word_1_320' title='bbox 1673 2554 1780 2596; x_wconf 87' lang='lat' dir='ltr'>dicti</span> <span class='ocrx_word' id='word_1_321' title='bbox 1828 2554 1994 2597; x_wconf 91' lang='lat' dir='ltr'>domini</span> 
     </span>
     <span class='ocr_line' id='line_1_36' title="bbox 244 2618 1993 2679; baseline 0.006 -22"><span class='ocrx_word' id='word_1_322' title='bbox 244 2618 447 2659; x_wconf 88' lang='lat' dir='ltr'>Iohannis</span> <span class='ocrx_word' id='word_1_323' title='bbox 479 2619 677 2672; x_wconf 82' lang='lat' dir='ltr'>proximo</span> <span class='ocrx_word' id='word_1_324' title='bbox 710 2621 856 2661; x_wconf 87' lang='lat' dir='ltr'>futuro</span> <span class='ocrx_word' id='word_1_325' title='bbox 888 2625 1051 2674; x_wconf 89' lang='lat' dir='ltr'>posset.</span> <span class='ocrx_word' id='word_1_326' title='bbox 1114 2623 1293 2675; x_wconf 82' lang='lat' dir='ltr'>Fateor,</span> <span class='ocrx_word' id='word_1_327' title='bbox 1332 2624 1367 2664; x_wconf 92' lang='lat' dir='ltr'>si</span> <span class='ocrx_word' id='word_1_328' title='bbox 1401 2624 1681 2678; x_wconf 86' lang='lat' dir='ltr'>omnipotens</span> <span class='ocrx_word' id='word_1_329' title='bbox 1712 2637 1993 2679; x_wconf 85' lang='lat' dir='ltr'>quacumque</span> 
     </span>
     <span class='ocr_line' id='line_1_37' title="bbox 246 2687 2063 2748; baseline 0.006 -20"><span class='ocrx_word' id='word_1_330' title='bbox 246 2687 337 2740; x_wconf 88' lang='lat' dir='ltr'>lege</span> <span class='ocrx_word' id='word_1_331' title='bbox 377 2690 419 2729; x_wconf 91' lang='lat' dir='ltr'>et</span> <span class='ocrx_word' id='word_1_332' title='bbox 459 2689 685 2731; x_wconf 88' lang='lat' dir='ltr'>hominum</span> <span class='ocrx_word' id='word_1_333' title='bbox 718 2691 910 2732; x_wconf 90' lang='lat' dir='ltr'>moribus</span> <span class='ocrx_word' id='word_1_334' title='bbox 943 2692 1128 2734; x_wconf 91' lang='lat' dir='ltr'>sublatis</span> <span class='ocrx_word' id='word_1_335' title='bbox 1168 2694 1357 2746; x_wconf 57' lang='lat' dir='ltr'>velletss).</span> <span class='ocrx_word' id='word_1_336' title='bbox 1421 2695 1582 2736; x_wconf 84' lang='lat' dir='ltr'>Verum</span> <span class='ocrx_word' id='word_1_337' title='bbox 1615 2695 1838 2748; x_wconf 75' lang='lat' dir='ltr'>suppliw,</span> <span class='ocrx_word' id='word_1_338' title='bbox 1877 2696 1994 2737; x_wconf 88' lang='lat' dir='ltr'>unde</span> <span class='ocrx_word' id='word_1_339' title='bbox 2009 2696 2063 2738; x_wconf 89' lang='lat'>35</span> 
     </span>
    </p>
   </div>
   <div class='ocr_carea' id='block_1_4' title="bbox 357 2862 583 2895">
    <p class='ocr_par' dir='ltr' id='par_1_4' title="bbox 357 2862 583 2895">
     <span class='ocr_line' id='line_1_38' title="bbox 357 2862 583 2895; baseline 0.009 -8"><span class='ocrx_word' id='word_1_340' title='bbox 357 2862 387 2895; x_wconf 87' lang='lat' dir='ltr'>a)</span> <span class='ocrx_word' id='word_1_341' title='bbox 407 2862 529 2889; x_wconf 73' lang='lat' dir='ltr'>vellent</span> <span class='ocrx_word' id='word_1_342' title='bbox 548 2863 583 2889; x_wconf 87' lang='lat' dir='ltr'>B.</span> 
     </span>
    </p>
   </div>
   <div class='ocr_carea' id='block_1_5' title="bbox 251 2931 1995 3103">
    <p class='ocr_par' dir='ltr' id='par_1_5' title="bbox 251 2931 1995 3103">
     <span class='ocr_line' id='line_1_39' title="bbox 360 2931 691 2968; baseline 0.012 -4"><span class='ocrx_word' id='word_1_343' title='bbox 360 2932 378 2952; x_wconf 53' lang='lat'>¹&#39;</span> <span class='ocrx_word' id='word_1_344' title='bbox 414 2931 527 2966; x_wconf 63' lang='lat' dir='ltr'>I’salm</span> <span class='ocrx_word' id='word_1_345' title='bbox 555 2933 623 2967; x_wconf 79' lang='grc'>132</span> <span class='ocrx_word' id='word_1_346' title='bbox 660 2934 691 2968; x_wconf 89' lang='grc'>1.</span> 
     </span>
     <span class='ocr_line' id='line_1_40' title="bbox 360 2934 1995 3042; baseline 0.007 -19"><span class='ocrx_word' id='word_1_347' title='bbox 360 2934 388 3030; x_wconf 57' lang='grc'>9))</span> <span class='ocrx_word' id='word_1_348' title='bbox 424 2989 486 3035; x_wconf 68' lang='lat' dir='ltr'><em>Vyl.</em></span> <span class='ocrx_word' id='word_1_349' title='bbox 512 2959 634 3025; x_wconf 56' lang='lat' dir='ltr'>hiereli</span> <span class='ocrx_word' id='word_1_350' title='bbox 663 2993 717 3027; x_wconf 80' lang='lat' dir='ltr'>die</span> <span class='ocrx_word' id='word_1_351' title='bbox 751 2992 884 3028; x_wconf 74' lang='lat' dir='ltr'>Stellen</span> <span class='ocrx_word' id='word_1_352' title='bbox 919 2995 953 3029; x_wconf 80' lang='grc' dir='ltr'>ἱιι</span> <span class='ocrx_word' id='word_1_353' title='bbox 986 2995 1208 3042; x_wconf 71' lang='lat' dir='ltr'>Amplissima</span> <span class='ocrx_word' id='word_1_354' title='bbox 1247 2997 1414 3032; x_wconf 79' lang='lat' dir='ltr'>Collectio</span> <span class='ocrx_word' id='word_1_355' title='bbox 1454 2997 1522 3042; x_wconf 83' lang='lat' dir='ltr'>Vll,</span> <span class='ocrx_word' id='word_1_356' title='bbox 1549 2999 1641 3034; x_wconf 65' lang='lat' dir='ltr'><strong><em>118.ss</em></strong></span> <span class='ocrx_word' id='word_1_357' title='bbox 1666 2999 1738 3034; x_wconf 82' lang='lat' dir='ltr'>und</span> <span class='ocrx_word' id='word_1_358' title='bbox 1760 2998 1863 3034; x_wconf 81' lang='lat'><strong><em>1147.</em></strong></span> <span class='ocrx_word' id='word_1_359' title='bbox 1917 2999 1995 3034; x_wconf 87' lang='lat' dir='ltr'>Der</span> 
     </span>
     <span class='ocr_line' id='line_1_41' title="bbox 251 3045 1606 3103; baseline 0.01 -24"><span class='ocrx_word' id='word_1_360' title='bbox 251 3045 397 3081; x_wconf 73' lang='lat' dir='ltr'>Traktat</span> <span class='ocrx_word' id='word_1_361' title='bbox 420 3048 481 3082; x_wconf 77' lang='lat' dir='ltr'>der</span> <span class='ocrx_word' id='word_1_362' title='bbox 513 3048 726 3085; x_wconf 75' lang='lat' dir='ltr'>Universz&#39;tc&#39;it</span> <span class='ocrx_word' id='word_1_363' title='bbox 748 3051 852 3086; x_wconf 69' lang='lat' dir='ltr'>Paris</span> <span class='ocrx_word' id='word_1_364' title='bbox 878 3053 926 3087; x_wconf 76' lang='lat' dir='ltr'>isc</span> <span class='ocrx_word' id='word_1_365' title='bbox 948 3054 1237 3090; x_wconf 60' lang='lat' dir='ltr'>wahrsclaeinliclc</span> <span class='ocrx_word' id='word_1_366' title='bbox 1263 3057 1351 3090; x_wconf 80' lang='lat' dir='ltr'>noch</span> <span class='ocrx_word' id='word_1_367' title='bbox 1376 3057 1606 3103; x_wconf 76' lang='lat' dir='ltr'>unqedruckt.</span> 
     </span>
    </p>
   </div>
   <div class='ocr_carea' id='block_1_6' title="bbox 2118 2750 2216 3432">
    <p class='ocr_par' dir='ltr' id='par_1_6' title="bbox 2118 2750 2216 3432">
     <span class='ocr_line' id='line_1_42' title="bbox 2118 2750 2216 3432; baseline 0 0"><span class='ocrx_word' id='word_1_368' title='bbox 2118 2750 2216 3432; x_wconf 95' lang='lat' dir='ltr'> </span> 
     </span>
    </p>
   </div>
  </div>
 </body>
</html>
