2216 3432
238 161 318 203 104
470 159 475 164 ’
634 161 660 195 1.
686 157 880 193 Abschnitt.
928 147 1353 191 Unionsverhandlungen
1380 145 1434 178 bis
1463 143 1564 179 1413.

245 274 441 317 stolicum
481 283 531 311 ex
562 280 647 309 una
690 265 732 305 et
762 259 982 304 dominum
1016 253 1268 297 Ladizlaum
1305 263 1451 304 regem
1491 248 1618 302 parte
1658 259 1710 287 ex
1741 245 1892 295 altera,
1932 241 1982 284 ut

240 343 437 387 inimicus
475 336 650 380 humani
688 330 854 387 generis
886 324 1125 374 consuevit,
1165 324 1219 365 de
1250 320 1486 362 amenitate
1526 317 1612 359 iam
1644 315 1752 357 inite
1783 312 1906 367 pacis
1938 313 1982 354 et

245 410 468 456 concordie
508 407 620 448 inter
660 416 731 445 eos
763 398 975 442 celebrate
1006 396 1091 436 iam
1123 392 1270 445 aliqua
1304 387 1520 432 dissensio
1551 386 1770 441 pullulare
1801 381 1981 437 incepit,

243 482 356 536 quod
397 479 510 520 ultra
541 471 868 517 admirationem
904 465 1068 508 tedium
1101 462 1206 504 satis
1239 472 1445 514 magnum
1485 457 1634 500 attulit
1665 453 1784 497 cordi
1816 454 1982 496 nostro.

243 553 333 593 Hec
372 548 541 602 quidem
581 538 870 585 observationi
917 536 1054 590 ipsius
1101 534 1212 575 inter
1256 544 1329 573 eos
1367 529 1565 583 perfecte
1613 524 1845 567 concordie
1894 523 2025 564 non5

245 616 515 667 conveniunt,
546 625 685 667 ymmo
717 624 770 652 ne
802 605 1064 660 magnalium
1096 602 1289 644 moribus
1321 599 1582 652 congruunt,
1615 596 1688 650 qui
1722 608 1807 635 non
1842 593 1985 636 solum

244 691 287 731 in
334 686 641 741 promissorum
692 678 992 721 observatione
1050 675 1115 715 set
1169 672 1211 712 in
1268 668 1455 722 simplici
1507 666 1707 709 veritatis
1760 664 1894 706 verbo
1941 663 1987 704 in

245 759 421 800 aliorum
461 753 604 806 regule
646 748 950 791 observatione
989 741 1295 796 exemplariter
1327 738 1591 791 obligantur.
1655 735 1750 776 Hoc
1783 733 1988 787 equidem

250 840 337 869 non
369 826 504 866 solum
536 823 589 863 ad
617 817 957 871 compassionem
1000 813 1139 856 tendit
1171 810 1473 852 lacessitorum
1506 806 1704 848 fidelium
1742 806 1811 846 set
1842 803 1990 858 potius

247 891 311 939 ad'
331 897 523 949 ipsorum
555 888 773 943 sanguinis
804 890 1002 938 stragem,
1035 896 1144 936 quos
1177 882 1345 922 creator
1378 880 1525 919 noster
1559 875 1751 918 decrevit
1784 888 1864 916 sua
1887 886 1990 927 pas·
2010 874 2063 914 10

247 967 365 1008 sione
397 961 565 1005 salvari.
626 960 719 1001 Hoc
750 969 936 1009 namque
969 967 1054 995 non
1087 951 1286 994 imitatur
1318 949 1538 990 initiatum
1576 944 1845 1001 principium
1878 944 1992 985 inter

246 1049 337 1078 nos.
388 1034 496 1075 Nam
529 1029 734 1083 requisita
766 1028 914 1068 nostra
946 1023 1156 1066 celsitudo
1189 1034 1321 1074 super
1350 1018 1600 1060 huiusmodi
1625 1016 1712 1058 iam
1736 1016 1994 1057 decreverat

250 1106 359 1147 nutu
390 1102 579 1144 caritatis
609 1099 783 1140 inducta
805 1095 1074 1138 amicabilem
1098 1094 1231 1145 atque
1256 1091 1492 1131 fraternam
1517 1101 1615 1129 cum
1640 1087 1793 1129 eodem
1818 1084 1993 1127 domino

249 1174 456 1226 Ladyslao
488 1184 583 1223 rege
614 1166 994 1211 contractationem
1017 1163 1127 1204 inire
1153 1163 1210 1210 et,
1234 1174 1332 1201 cum
1356 1162 1543 1212 uterque
1567 1159 1769 1199 nostrum
1792 1168 1994 1198 reveren-

248 1247 335 1286 tem
357 1244 397 1284 et
413 1240 676 1296 paternalem
699 1236 1035 1279 nominationem
1059 1234 1215 1274 faceret
1242 1233 1293 1272 de
1316 1229 1486 1284 prefato
1509 1227 1788 1270 sanctissimo
1814 1225 1991 1268 domino
2015 1223 2065 1265 15

248 1315 394 1355 nostro
434 1323 561 1364 papa,
607 1322 685 1350 sua
724 1305 927 1348 sanctitas
965 1307 1185 1356 tamquam
1232 1302 1427 1354 ydoneus
1475 1301 1600 1352 pater
1645 1300 1689 1339 et
1730 1297 1902 1338 medius
1949 1295 1993 1336 in

250 1381 599 1430 contradictione,
639 1375 937 1418 observatione
970 1376 1011 1415 et
1044 1372 1322 1414 roboratione
1353 1370 1522 1424 prefate
1562 1368 1677 1409 inter
1711 1381 1790 1408 nos
1822 1366 1992 1408 initiate

253 1450 436 1493 amicitie
469 1451 510 1489 et
542 1447 676 1500 ipsius
708 1444 1034 1487 manutentione
1066 1456 1160 1484 esse
1195 1442 1373 1483 deberet
1396 1439 1562 1494 pariter
1585 1442 1627 1480 et
1650 1441 1817 1491 stanga.
1866 1437 1994 1487 Quod

255 1521 288 1562 si
320 1520 413 1573 ipsa
444 1517 666 1568 dissensiO,
698 1518 747 1557 ut
779 1517 924 1555 nostra
957 1513 1122 1555 audivit
1154 1512 1371 1561 maiestas,
1416 1524 1466 1551 ex
1499 1511 1624 1563 parte
1658 1508 1796 1561 ipsius
1829 1506 1995 1550 domini

263 1590 372 1643 regis
404 1587 599 1640 Ladyslai
632 1584 838 1638 procedit,
870 1584 975 1636 quid
1006 1582 1160 1633 meriti,
1194 1581 1350 1634 quidve
1374 1580 1555 1622 honoris
1578 1581 1620 1620 et
1641 1578 1776 1632 glorie
1799 1579 1870 1619 aut
1895 1576 2001 1631 quid
2015 1576 2072 1617 20

256 1660 392 1701 status
423 1658 523 1698 inde
556 1655 634 1697 sibi
657 1654 826 1696 evenire
855 1653 1077 1695 decernit?
1110 1653 1207 1693 Non
1233 1652 1276 1692 in
1304 1650 1500 1692 fidelium
1524 1648 1750 1703 sanguinis
1773 1647 2000 1703 sparsione

255 1730 319 1769 set
349 1727 394 1768 in
425 1726 674 1768 reductione
705 1724 943 1766 infidelium
976 1724 1030 1764 ad
1062 1723 1271 1776 gremium
1296 1720 1458 1762 Christi
1492 1720 1750 1762 accenditur
1772 1718 2001 1772 magnani-

256 1798 378 1839 mitas
410 1796 653 1849 principum
686 1797 727 1835 et
758 1794 979 1845 fortitudo,
1013 1807 1098 1834 non
1131 1793 1175 1833 in
1206 1792 1392 1833 veritate
1424 1791 1717 1844 opprimenda
1749 1791 1793 1831 et
1821 1788 2001 1830 simula-

256 1867 458 1917 tionibus,
495 1865 692 1907 videlicet
732 1878 817 1906 non
851 1863 1067 1917 diligendo
1100 1862 1343 1916 proximum
1378 1863 1422 1903 et
1454 1874 1684 1903 commune
1716 1861 1898 1911 bonum,
1936 1860 2002 1900 set

254 1936 297 1976 in
331 1935 424 1988 ipsa
454 1934 677 1988 potissime
716 1934 945 1975 lucidanda
987 1935 1123 1975 honor
1156 1934 1197 1973 et
1230 1934 1343 1974 fama
1387 1932 1482 1985 ipsa
1515 1945 1561 1972 se
1594 1931 1851 1972 extendunt.
1915 1929 2001 1971 Sed
2016 1931 2070 1972 25

255 2019 305 2046 ex
335 2018 418 2058 quo
449 2004 610 2046 iustitia
642 2006 683 2045 et
706 2004 897 2045 moribus
920 2003 1172 2056 stringimur
1194 2004 1282 2043 tam
1306 2003 1524 2056 prefatum
1548 2002 1777 2043 dominum
1800 2001 2000 2041 nostrum

256 2076 533 2127 apostolicum
566 2088 695 2127 quam
727 2076 917 2115 sanctam
952 2074 1028 2115 Dei
1063 2074 1290 2114 ecclesiam
1323 2087 1348 2114 a
1377 2073 1732 2126 quibuscumque
1767 2070 2002 2112 molestare

255 2145 495 2186 volentibus
531 2145 760 2186 cumulatis
800 2144 984 2186 cesareis
1023 2145 1189 2185 viribus
1229 2144 1463 2185 defendere
1506 2145 1547 2184 et
1586 2143 1641 2184 ad
1672 2141 1873 2196 predicta
1914 2154 2003 2182 una

257 2215 478 2255 nobiscum
523 2214 711 2266 singulos
761 2214 1030 2256 christicolas
1077 2214 1310 2268 incitaref')
1388 2214 1433 2254 Si
1482 2215 1630 2255 autem
1675 2212 1826 2266 aliqua
1871 2223 2004 2252 causa

258 2284 467 2336 prelibate
499 2284 778 2326 dissensionis
810 2298 861 2325 ex
891 2288 1015 2337 parte
1038 2284 1233 2325 eiusdem
1257 2284 1423 2326 domini
1448 2284 1586 2326 nostri
1611 2296 1726 2337 pape
1750 2281 2003 2335 aliqualiter
2019 2286 2075 2327 30

259 2353 512 2405 allegaretur
542 2355 788 2407 procedere,
820 2355 936 2407 quod
968 2368 1054 2395 non
1076 2355 1308 2405 credimus,
1343 2368 1443 2396 ecce
1472 2368 1551 2396 nos
1574 2354 1800 2396 offerimus
1822 2351 2003 2393 omnino

259 2422 374 2464 illam
417 2423 559 2464 reduci
594 2423 734 2465 facere
775 2425 829 2466 ad
862 2425 1057 2467 debitum
1089 2425 1309 2478 equitatis.
1372 2425 1483 2466 Cum
1516 2424 1648 2479 igitur
1678 2437 1757 2478 pro
1790 2422 2004 2476 predictis

260 2492 399 2533 debite
436 2494 672 2534 executioni
714 2495 970 2537 mandandis
1012 2497 1055 2537 et
1094 2496 1148 2537 ad
1180 2496 1446 2538 obviandum
1490 2493 1745 2537 huiusmodi
1784 2491 2004 2547 principio

262 2561 511 2603 detestando
571 2564 914 2615 presentialiter„
945 2565 1168 2607 mittamus
1229 2566 1449 2619 quendam
1502 2567 1764 2607 strennuum
1817 2563 2003 2605 militem

262 2631 454 2671 nostrum
484 2632 537 2672 ad
568 2633 779 2686 prefatum
812 2635 1034 2677 dominum
1057 2636 1303 2677 Ladislaum
1337 2649 1481 2689 regem
1516 2636 1560 2677 et
1593 2634 1766 2676 mittere
1797 2633 2002 2676 intenda-
2019 2639 2074 2682 35

265 2712 357 2740 mus
388 2701 609 2743 confestim
640 2703 884 2758 solempnes
907 2705 1013 2746 alios
1036 2701 1572 2748 ambassiatores‘nostros
1595 2705 1651 2747 ad
1673 2703 2002 2747 sanctissimum

265 2768 479 2810 dominum
519 2772 734 2824 prefatum
784 2775 1068 2827 apostolicum
1110 2778 1152 2818 et
1194 2777 1249 2818 ad
1293 2777 1439 2830 ipsum
1481 2776 1708 2818 dominum
1748 2773 2003 2817 Ladislaum

264 2849 418 2890 regem,
440 2840 489 2880 ut
509 2841 605 2882 talis
626 2842 807 2885 materia
824 2857 975 2887 serene
998 2846 1245 2888 amenitatis
1267 2847 1478 2890 sortiatur
1499 2845 1720 2898 effectum,
1740 2844 2003 2887 fidelitatem

372 3000 399 3035 a)
419 3000 495 3029 Hier
512 3001 590 3037 fehlt
609 3003 663 3033 der
682 3004 869 3043 Hauptsatz„
