2216 3432
414 166 457 202 D.
500 167 719 214 Sigismund,
744 171 967 217 Frankreich,
994 176 1153 223 England
1179 183 1250 216 und
1276 183 1337 218 das
1363 186 1498 222 Konzil.
1541 190 1599 225 Nr.
1626 193 1682 235 98,
1706 196 1761 233 99,
1879 189 1961 232 365

216 272 263 315 in
294 274 438 317 estate
469 277 685 330 preterita
724 281 766 321 et
797 287 1114 337 consequenter
1151 302 1230 342 per
1266 291 1428 336 litteras
1471 297 1620 351 utique
1663 301 1716 342 ad
1754 302 1960 349 honorem

215 346 414 388 vestrum
463 360 514 389 ac
560 347 734 402 imperii
788 354 831 393 et
876 356 994 406 regni
1042 358 1357 416 domorumque
1402 367 1690 419 predictarum
1734 375 1960 429 utrobique

215 418 522 470 promovenda
552 419 792 464 institimus
825 425 1028 469 studiose.
1091 430 1144 471 Et
1177 444 1291 474 nunc
1323 435 1450 477 huius
1489 438 1548 479 rei
1580 452 1709 481 causa
1742 444 1959 495 potissime

215 487 296 529 has
328 490 479 543 partes
511 492 706 544 petendo
740 496 1147 548 approximavimus.
1214 503 1387 546 Placeat
1419 506 1558 559 igitur,
1596 512 1639 551 ut
1671 525 1813 564 supra.

174 558 200 600 5
333 560 378 615 e)
409 560 593 605 Additio
626 564 682 605 ad
714 564 905 608 litteram
936 567 1219 613 Bituricensis
1253 575 1296 614 et
1328 576 1456 617 debet
1487 579 1636 621 scribi:
1670 582 1959 627 Illustrissimc

130 629 133 632 ’
214 632 296 672 etc.
359 631 479 675 Ante
512 633 632 675 illam
664 635 926 680 clausula-m:
959 640 1424 702 Considerationcm.1)

332 703 447 745 Dum
489 705 766 760 privilegium
807 710 967 751 amoris
1005 713 1201 766 precipui
1240 716 1282 756 et
1324 717 1513 769 perfecte
1546 720 1782 763 dilectionis
1814 725 1960 776 zelum,

212 787 300 828 quo
333 776 515 817 domum
547 779 750 820 nostrum
777 779 1204 836 Lucemburgensem
1238 788 1280 827 et
1306 801 1382 828 vos
1414 790 1633 843 tamquam
1667 795 1787 845 pater
1820 798 1962 837 noster

211 845 458 899 benivolus,
492 850 624 902 prout
647 850 775 892 nobis
807 851 958 893 indicit
991 854 1181 896 radicata
1205 858 1424 910 sanguinis
1456 861 1778 918 ydemptitas‘2),
1812 865 1961 917 iugiter

143 915 198 957 10
211 917 468 971 respexistis
502 921 546 961 et
578 920 650 974 pie
682 921 866 976 fovistis,
907 925 1098 966 suaviter
1132 940 1482 980 rememoramur,
1515 931 1714 973 nimirum
1753 935 1962 976 desiderio

212 988 538 1045 desideramus,
583 992 845 1048 priusquam
886 995 1101 1037 tributum
1139 998 1412 1041 resolutionis
1454 1001 1640 1044 humane
1681 1004 1960 1057 exsolvamus,

211 1060 534 1105 delectabiliter
566 1077 643 1106 vos
666 1065 829 1118 videre,
863 1068 906 1107 et
938 1067 974 1108 si
1004 1069 1287 1110 commoditas
1320 1071 1587 1124 negotiorum
1619 1073 1961 1117 incumbencium

210 1132 474 1188 indulgeret,
508 1135 652 1189 parati
691 1149 890 1178 essemus
934 1138 1063 1179 etiam
1104 1139 1148 1180 in
1187 1140 1358 1182 civitate
1396 1141 1680 1184 Auinionensi
1713 1157 1785 1185 vos
1824 1146 1962 1187 delec-

210 1204 406 1247 tabiliter
437 1205 636 1259 visitare3
676 1207 775 1250 ideo
815 1210 862 1250 ut
905 1209 1130 1251 desideriis
1171 1211 1329 1252 nostris
1373 1212 1575 1263 satisfiat,
1617 1216 1864 1267 optaremus
1909 1217 1961 1257 al)

142 1272 377 1318 15intimis
417 1276 463 1318 in
503 1277 651 1331 aliquo
701 1279 795 1322 loeo
836 1280 999 1332 vicino,
1044 1281 1078 1321 si
1123 1282 1249 1322 etatis
1292 1285 1433 1323 vestre
1472 1285 1690 1337 provectio
1729 1287 1771 1325 et
1811 1286 1961 1327 virium

209 1347 406 1390 valitudo
439 1350 712 1403 paterentur,
755 1365 836 1405 pro
877 1352 1084 1405 singulari
1123 1353 1420 1394 consolatione
1462 1355 1681 1395 vobiscum
1718 1356 1959 1397 convenire.

209 1419 452 1474 Speramus
485 1421 602 1463 enim
626 1421 800 1464 efficere
824 1425 967 1465 vestro
990 1423 1169 1465 consilio
1192 1426 1465 1477 cooperante,
1495 1426 1542 1465 ut
1563 1426 1741 1467 ecclesia
1765 1427 1961 1468 Romana

208 1505 322 1542 usw„
355 1493 430 1532 wie
461 1492 506 1532 in
538 1492 628 1534 dem
667 1490 1035 1548 Vorhmyehmffn.

328 1563 377 1618 d)
438 1563 624 1606 Additio
678 1566 734 1607 ad
780 1565 1123 1607 illustrissimum
1176 1566 1440 1619 delphynum
1489 1569 1567 1607 etc.
1644 1567 1696 1607 Et
1741 1567 1785 1607 in
1831 1567 1958 1608 simili

137 1630 195 1672 20
207 1632 347 1676 forma
378 1634 542 1677 illustri
575 1636 675 1677 duci
706 1636 903 1679 Barensi.

328 1706 445 1748 Dum
482 1706 762 1761 privilegium
801 1708 960 1749 amoris
998 1708 1194 1762 precipui
1236 1710 1277 1749 et
1315 1709 1505 1761 perfecte
1545 1707 1784 1749 dilectionis
1822 1707 1956 1748 zelum

205 1776 323 1819 inter
359 1778 666 1832 progenitores
714 1781 898 1831 vestros,
946 1792 1021 1821 vos
1060 1781 1102 1820 et
1141 1779 1305 1832 regales
1353 1779 1574 1832 principes
1624 1791 1672 1818 ac
1718 1778 1954 1830 preclaram

206 1848 387 1890 domum
425 1850 620 1892 vestram
662 1850 846 1892 Francie
886 1863 966 1892 nec
1008 1863 1096 1891 non
1136 1850 1435 1903 progenitores
1475 1851 1643 1890 nostros
1685 1850 1725 1889 et
1766 1847 1954 1888 inclitam

206 1919 387 1961 domum
439 1923 638 1963 nostram
686 1921 1114 1974 Lucemburgensem
1168 1921 1423 1961 alterutrum
1470 1912 1663 1959 habitum
1715 1919 1756 1959 et
1801 1918 1955 1969 iugiter

134 1987 425 2043 25vigentem
458 1993 626 2034 saniter
658 2005 1023 2044 rememoramur,
1070 1990 1251 2033 intentis
1292 1990 1446 2031 studiis
1489 1991 1631 2030 vestra
1679 1990 1720 2028 et
1763 1987 1954 2027 eiusdem

206 2061 365 2103 domus
406 2062 593 2105 Francie
638 2064 867 2106 commoda
909 2064 952 2104 et
983 2060 1336 2104 honorificentias
1380 2060 1520 2101 votive
1552 2057 1755 2112 prosequi
1788 2057 1954 2098 deside-

205 2133 371 2185 rantes,
420 2146 675 2186 speramus‚
725 2135 845 2188 quod
892 2133 1253 2175 convenientibus
1296 2130 1418 2172 nobis
1456 2130 1501 2170 in
1548 2142 1679 2169 unum
1713 2141 1865 2181 capere
1912 2129 1954 2167 et

205 2203 310 2245 dare
343 2204 497 2246 modos
538 2207 583 2246 et
621 2206 715 2247 vias
756 2205 1070 2247 convenientes
1113 2205 1156 2245 et
1196 2202 1404 2253 efficaces,
1444 2203 1490 2241 ut
1536 2198 1714 2240 ecclesia
1746 2198 1952 2248 Romana,

202 2289 302 2315 πεπυ.
336 2276 412 2316 wie
442 2277 488 2316 in
518 2276 608 2317 dem
648 2274 1015 2331 Vorleerqelcenden.

133 2438 190 2480 30
205 2426 306 2474 99..
333 2427 474 2484 Kb‘m'y
509 2429 755 2485 Siyismund
786 2445 842 2470 an
875 2429 957 2482 (die
995 2427 1246 2468 Universitdt
1275 2425 1414 2478 Paris)
1456 2422 1611 2464 ersucltt
1640 2436 1689 2461 zu
1719 2420 1789 2460 der
1821 2418 1953 2459 beror-

203 2498 421 2540 stehenden
462 2499 839 2555 Zusammenlcunfl
877 2502 953 2541 mit
989 2500 1065 2540 den
1102 2496 1353 2552 kdniylichen
1390 2494 1565 2534 Pm'men
1601 2506 1674 2532 von
1706 2488 1952 2529 Frank-reich

202 2571 248 2610 in
269 2569 344 2611 der
367 2568 569 2612 Provenee
597 2571 693 2612 oder
714 2586 770 2612 an
793 2572 919 2613 einem
943 2570 1099 2611 andern
1122 2568 1219 2609 Orte
1249 2568 1376 2621 einiye
1403 2563 1441 2604 Τ
1437 2564 1621 2617 heoloqen
1642 2576 1691 2601 zu
1711 2559 1866 2607 semim,
1899 2558 1952 2597 cla

202 2640 344 2696 Dinye
373 2655 449 2682 von
476 2641 660 2683 hiiclwter
682 2635 923 2696 Bedeutuny
955 2639 1148 2682 beratlwn
1177 2637 1353 2679 wilt-den.
1406 2632 1534 2688 (1414
1563 2628 1949 2680 Febmar—Mdrz.)

275 2735 308 2769 B
333 2747 396 2769 aus
427 2734 510 2770 Cod.
536 2734 722 2769 Palatinus
751 2733 817 2768 701
834 2734 905 2779 fol.
931 2733 1002 2767 275
1026 2733 1089 2767 der
1121 2731 1229 2766 Vace'lc.
1256 2726 1460 2763 Bibliothek.

132 2899 187 2942 35
325 2890 352 2934 ¹)
382 2888 456 2935 Vyl.
481 2887 709 2934 Anmerkuny
734 2899 780 2922 zu
807 2888 840 2930 b)
867 2887 954 2921 oben
981 2884 1115 2920 S.364.
1152 2882 1241 2917 Hier
1266 2881 1355 2914 kann
1380 2878 1433 2912 die
1451 2877 1581 2942 additio
1602 2873 1700 2941 ζιίοήἰ
1722 2884 1765 2934 qn
1790 2872 1825 2904 in
1842 2879 1946 2903 unum

202 2949 390 2985 convenire
415 2948 668 2991 anschliessen,
694 2947 739 2981 da
764 2947 819 2981 die
844 2945 954 2980 Stelle
981 2949 1087 2979 etwas
1113 2940 1302 2977 veriindert
1322 2939 1357 2972 in
1381 2937 1443 2971 der
1464 2933 1708 2979 Hmzusuyunq
1732 2928 1839 2964 selbot
1860 2926 1945 2960 ”⁰01²

199 3007 403 3044 vorkommt.

323 3067 351 3113 ²)
378 3066 459 3101 Der
483 3066 630 3112 Herzog]
654 3077 722 3101 von
748 3065 864 3112 Berry
887 3074 963 3097 war
988 3062 1044 3096 ein
1067 3059 1178 3094 Onkel
1199 3056 1306 3091 Karls
1337 3053 1391 3089 VI.
