2216 3432
219 170 307 211 264⁴
541 177 604 212 111.
630 175 830 211 Abschnitt.
879 173 1154 219 Vox-geschichte
1179 172 1240 206 des
1265 173 1488 208 Konstanzor
1510 173 1670 208 Konzns.

221 284 515 338 suscepimus.
575 282 632 324 Et
663 293 817 324 eorum
848 280 1032 322 decursa
1070 278 1183 321 serie
1222 280 1535 332 cognoscentes
1566 282 1760 322 vestram
1791 279 1983 323 clemen-

225 355 332 398 tiam
363 366 463 396 cum
495 365 618 395 sacro
649 349 1118 394 reverendissimorum
1151 348 1430 391 dominorum
1473 348 1765 392 cardinalium
1804 351 1907 393 cetu
1938 351 1984 393 et

220 424 425 467 universa
466 422 589 465 curia
628 435 708 464 sua
759 421 815 463 ad
868 420 1090 462 civitatem
1134 420 1394 462 Constantio
1435 420 1581 462 locum
1633 432 1758 462 sacro
1799 420 1982 464 instanti

221 495 406 538 concilio
458 493 721 548 deputatum
763 491 843 534 Dei
883 491 1015 533 ductu
1065 489 1282 543 sospitem
1339 489 1539 544 attigisse
1587 489 1824 532 cordialem
1879 490 1984 534 inde

225 564 415 607 leticiam
446 564 492 605 et
523 563 867 605 consolationem
897 562 1123 614 tamquam
1156 559 1408 603 sanctitatis
1440 563 1587 602 vestre
1620 574 1671 602 ac
1702 562 2023 605 sacrosancte5

222 634 378 678 eclesie
432 633 511 676 filii
558 633 842 686 sumpsimus,
889 630 1152 673 beatitudini
1203 633 1345 672 vestre
1402 631 1454 672 de
1494 630 1834 685 participatione
1882 632 1984 675 talis

221 704 366 747 leticie
417 704 655 757 gratiarum
695 701 888 745 actiones
939 702 1133 752 devotas,
1172 702 1363 755 quantas
1409 714 1659 755 possumus,
1713 702 1982 746 exolventes.

222 776 348 826 Quod
371 775 519 816 autem
540 775 685 816 vestra
708 773 918 814 sanctitas
942 773 1158 826 prelibata
1189 785 1268 813 nos
1294 772 1487 825 requirat
1511 772 1556 813 in
1580 772 1736 814 iisdem
1760 772 1984 827 brevibus,

221 847 269 887 ut
301 844 473 898 egregio
505 844 673 886 doctori
707 843 882 885 domino
915 843 1130 896 Raphaeli
1166 843 1394 896 Fulgossio
1438 843 1648 885 salariato
1680 844 1735 886 ad
1769 844 1983 887 lecturam

224 915 363 958 nostri
395 915 526 957 studii
561 914 762 956 Paduani
806 914 1042 955 terminum
1086 913 1342 955 remanendi
1382 914 1499 967 apud
1533 915 1810 968 prenotatam
1842 915 1982 957 beati·
2002 917 2056 958 10

222 985 422 1028 tudinem
464 998 765 1039 prorogemus,
820 984 1019 1038 quamvis
1062 985 1267 1026 absencia
1316 985 1456 1038 ipsius
1515 985 1681 1027 domini
1738 985 1981 1041 Rapliaelis

225 1057 367 1099 eidem
399 1055 546 1098 studio
578 1056 727 1097 nostro
760 1055 816 1096 sit
850 1055 1080 1096 incomoda
1114 1054 1355 1108 plurimum
1389 1057 1431 1096 et
1466 1056 1634 1107 nociva,
1669 1058 1818 1098 tamen
1851 1057 1984 1100 devo—

223 1127 343 1169 tione
387 1126 558 1167 sincera
605 1126 802 1167 volentes
852 1125 1163 1168 comoditatem
1214 1126 1437 1180 sepedicte
1490 1127 1634 1168 vestre
1683 1127 1984 1170 beatitudines

223 1196 398 1239 utilitati
422 1197 568 1238 nostre
591 1209 833 1250 preponere
866 1196 1112 1237 sanctitatis
1136 1198 1281 1237 vestre
1303 1196 1668 1249 requisitionibus
1691 1197 1809 1240 circa
1830 1211 1984 1253 proro-

222 1267 441 1320 gationem
473 1266 576 1308 dicti
606 1265 782 1307 termini
814 1266 952 1308 eidem
988 1267 1165 1309 domino
1199 1267 1414 1322 Rapliaeli
1447 1270 1701 1310 reverenter
1734 1269 1983 1311 annuimus.
2004 1270 2056 1312 15

226 1338 383 1379 Verum
416 1337 558 1378 eidem
591 1338 812 1378 sanctitati
846 1338 1084 1390 apostolice
1130 1338 1413 1379 devotissime
1452 1338 1771 1393 supplicamus,
1816 1342 1863 1381 ut
1904 1354 1985 1395 pro

225 1407 488 1449 comoditate
528 1407 714 1460 predicti
762 1408 897 1449 studii
947 1408 1165 1459 dignetur,
1215 1411 1383 1462 quanto
1431 1408 1617 1451 celerius
1666 1423 1762 1452 esse
1809 1410 1985 1464 poterit,

224 1476 438 1531 expeditis
487 1477 687 1530 negociis,
720 1491 800 1531 pro
840 1479 1002 1531 quibus
1046 1482 1249 1531 speratur
1289 1479 1350 1520 ibi
1392 1479 1628 1533 proficuus,
1662 1493 1763 1522 eum
1795 1481 1986 1535 gratiose

234 1547 471 1598 licentiam,
506 1549 554 1588 ut
586 1548 640 1589 ad
675 1548 884 1589 lecturam
919 1563 1043 1590 snam
1076 1552 1357 1603 prenotatam
1390 1551 1531 1592 redire
1565 1552 1721 1593 valeat.
1739 1551 1772 1607 ¹)

263 1721 319 1766 B.
367 1721 589 1779 Gregors
622 1723 731 1767 XII.
764 1723 1001 1782 Stellung
1032 1738 1152 1770 zum
1183 1726 1371 1771 Konzil
1402 1726 1484 1772 bis
1516 1739 1609 1772 zur
1639 1725 1943 1786 Eroffnung.
2001 1741 2059 1783 20
2114 1768 2118 1770 ,

521 1838 553 1863 a.
580 1828 735 1874 (ire—gons
763 1829 1023 1866 Briet'werlisel
1053 1830 1117 1867 mit
1147 1831 1223 1867 ‹lc-m
1254 1832 1489 1877 l‘t'alzgrat'en
1518 1832 1684 1878 Ludwig.

220 1909 295 1952 60.
349 1908 599 1965 (I'falzgsras'
641 1910 813 1966 Ludwig]
862 1914 946 1953 und
990 1912 1244 1969 Isrzln'sclzqf
1291 1913 1456 1956 VVerner
1501 1930 1575 1957 von
1622 1914 1741 1957 'I’rier
1788 1931 1843 1957 an
1884 1915 1987 1958 Gre-

218 1994 292 2034 901·
313 1979 433 2033 XII.)
447 1981 503 2031 2).·
536 1981 688 2036 Zeisyen
720 1982 911 2033 Ankmzft
943 1986 1027 2024 mal
1060 1986 1317 2040 illittleeiluny
1350 1988 1483 2027 &einer
1515 1986 1643 2028 Botere.
1673 1986 1883 2029 -Jolzannes
1914 2001 1988 2028 von

220 2049 422 2091 Preussen
459 2052 545 2092 und
586 2052 719 2094 Basso
765 2068 837 2094 ron
881 2054 1025 2095 Berlin
1069 2072 1145 2105 (ιη,
1189 2056 1441 2098 &hersendem
1496 2057 1582 2098 ‘ilem
1628 2058 1706 2098 das
1748 2056 1986 2109 Schreiben,

220 2120 297 2160 das
335 2123 392 2162 sie
429 2124 473 2162 in
509 2123 581 2163 cler
612 2122 902 2166 Ix'onzeflssaehe
940 2141 993 2166 an
1032 2126 1168 2182 Kiim'gs
1209 2129 1455 2183 Se'yismzmd
1489 2128 1697 2183 yesclticlct
1731 2128 1863 2170 haben
1903 2129 1990 2170 und
2003 2132 2058 2174 25

333 2190 452 2233 hillen
483 2193 554 2233 ἰΙιη
585 2209 653 2234 um
685 2193 927 2250 Fiirderunff
960 2198 1030 2237 des
1068 2196 1107 2238 U
1110 2198 1393 2240 ulons-werke&
1459 2198 1591 2254 (1414
1623 2198 1884 2255 September.)

295 2296 370 2331 Ans
400 2296 481 2331 Cod.
508 2300 685 2344 5096sol.
717 2300 779 2334 144
795 2312 825 2335 v.
853 2302 916 2335 der
943 2302 1030 2347 llos·
1059 2304 1127 2336 um!
1152 2304 1469 2340 Stmtcsbe'hle'othek
1494 2307 1529 2339 in
1566 2305 1668 2340 ll't'en.

339 2403 599 2447 Beatissime
631 2409 758 2460 pater
789 2410 833 2450 et
857 2409 1031 2452 domine
1065 2412 1450 2464 excellentissime,
1484 2412 1743 2456 obediencie
1767 2412 1919 2455 debito
1941 2411 1990 2456 in

221 2473 468 2517 humilitate
500 2477 680 2531 spiritus
712 2479 767 2520 ad
800 2480 1084 2523 devotissima
1116 2483 1280 2536 pedum
1303 2484 1456 2526 oscula
1477 2484 1722 2527 beatorum.
1775 2483 1989 2538 Exposita

340 2625 368 2671 ¹)
396 2626 451 2660 An
479 2627 639 2674 Rtlpleael
652 2630 693 2663 de
712 2629 889 2675 Fulyoxiis
917 2633 1074 2667 schreibt
1098 2634 1161 2668 der
1187 2633 1278 2668 Rath
1305 2634 1490 2680 eben-falls,
1517 2635 1661 2671 ertloeilt
1685 2635 1751 2670 ilem
1774 2633 1988 2670 Erlaubniu
2003 2644 2060 2687 30

219 2684 255 2717 in
285 2684 466 2719 Konstan:
498 2698 543 2720 zu
574 2686 709 2722 bleiben
746 2690 817 2723 und
845 2697 1024 2734 ενωανίεἰ,
1062 2692 1144 2727 dmm
1178 2705 1219 2727 er
1255 2694 1597 2729 mittheilenswertlee
1632 2693 1876 2729 Naclzriclaten
1910 2704 1990 2728 vom

220 2741 350 2776 Konzil
377 2743 451 2778 dem
476 2743 589 2779 Ratlze
620 2746 825 2782 iiber-sende.
874 2749 916 2783 In
944 2750 1027 2785 God.
1054 2750 1240 2786 Palatinus
1266 2751 1336 2786 607
1357 2752 1428 2798 sol.
1455 2751 1526 2786 182
1556 2753 1621 2788 der
1652 2752 1763 2788 Vatik.
1789 2751 1990 2787 Bibliothek

212 2801 326 2845 findet
342 2802 415 2835 sic-la
433 2802 621 2848 solyendes
640 2805 793 2853 Epieapla
818 2808 1061 2855 (IesRaphael
1077 2809 1238 2856 Fulyost’i
1263 2811 1297 2844 t'n
1328 2810 1478 2846 Versen:
1505 2812 1656 2847 Emerita
1675 2811 1847 2857 prodigna
1862 2821 1988 2857 gerens

221 2861 427 2903 cognomina
450 2861 564 2896 laudis
582 2863 759 2909 Fulgosiis
778 2867 933 2911 naphaei
959 2869 1122 2903 conditur
1147 2870 1212 2904 hoc
1237 2870 1385 2904 tumulo.
1411 2870 1600 2906 Consuluit
1618 2880 1720 2906 nemo
1737 2871 1853 2906 sacius
1869 2870 1986 2906 fulsit«-

222 2928 290 2962 que
307 2918 462 2953 docendo
481 2931 642 2956 cesareae
668 2923 762 2969 leges
788 2926 934 2971 iuraque
951 2927 1169 2972 pontificum.
1203 2928 1338 2963 claruit
1355 2929 1509 2975 eloquio,
1534 2940 1639 2975 quem
1654 2929 1787 2965 blanda
1802 2929 1988 2965 Placencia
2001 2937 2058 2982 35

223 2975 346 3018 forma,
372 2980 406 3011 et
431 2988 558 3023 genere
582 2980 756 3026 insignem
781 2987 931 3019 mentem
957 2986 1125 3031 piumque
1151 2987 1244 3023 tulit.

339 3035 367 3081 ¹)
397 3035 490 3072 Dass
521 3036 664 3088 Ludwiq
694 3041 766 3077 und
808 3041 948 3080 Werner
977 3043 1034 3080 die
1062 3043 1246 3081 Absender
1270 3046 1360 3093 sind,
1397 3046 1526 3084 erhellc
1553 3059 1618 3083 aus
1651 3047 1717 3085 der
1745 3045 1814 3083 Nr.
1838 3045 1898 3097 63,
1932 3056 1987 3088 ¹00

2200 912 2216 942 ,ι

2202 945 2216 990 ÷

2209 1104 2216 1131 ⁸.

2211 1157 2216 1189 ι

2210 1194 2216 1213 1

2212 1216 2216 1246 ι

2208 1249 2216 1280 4

2210 1281 2216 1314 ι

2207 1318 2216 1335 J

2208 1347 2216 1368 1
